@INPROCEEDINGS{SRW-135,
   AUTHOR = {Haruta, Izumi and Mineshima, Koji and Bekki, Daisuke},
   SORTNAME = {Haruta, Izumi and Mineshima, Koji and Bekki, Daisuke},
   TITLE = {Logical Inferences with Comparatives and Generalized Quantifiers}}
@INPROCEEDINGS{SRW-095,
   AUTHOR = {Ray Chowdhury, Jishnu and Caragea, Cornelia and Caragea, Doina},
   SORTNAME = {Ray Chowdhury, Jishnu and Caragea, Cornelia and Caragea, Doina},
   TITLE = {Cross-Lingual Disaster-related Multi-label Tweet Classification with Manifold Mixup}}
@INPROCEEDINGS{SRW-104,
   AUTHOR = {Meaney, J. A.},
   SORTNAME = {Meaney, J. A.},
   TITLE = {Crossing the Line: Where do Demographic Variables Fit into Humor Detection?}}
@INPROCEEDINGS{SRW-035,
   AUTHOR = {Yu, Miaomiao and Yang, Yujiu and Li, Chenhui},
   SORTNAME = {Yu, Miaomiao and Yang, Yujiu and Li, Chenhui},
   TITLE = {HGCN4MeSH: Hybrid Graph Convolution Network for MeSH Indexing}}
@INPROCEEDINGS{SRW-069,
   AUTHOR = {Sommerauer, Pia},
   SORTNAME = {Sommerauer, Pia},
   TITLE = {Why is penguin more similar to polar bear than to sea gull? Analyzing conceptual knowledge in distributional models}}
@INPROCEEDINGS{SRW-105,
   AUTHOR = {Meng, Zhao and Wattenhofer, Roger},
   SORTNAME = {Meng, Zhao and Wattenhofer, Roger},
   TITLE = {A Geometry-Inspired Attack for Generating Natural Language Adversarial Examples}}
@INPROCEEDINGS{SRW-058,
   AUTHOR = {Yuma, Tsuta and Yoshinaga, Naoki and Toyoda, Masashi},
   SORTNAME = {Yuma, Tsuta and Yoshinaga, Naoki and Toyoda, Masashi},
   TITLE = {uBLEU: Uncertainty-Aware Automatic Evaluation Method for Open-Domain Dialogue Systems}}
@INPROCEEDINGS{SRW-018,
   AUTHOR = {Hamborg, Felix},
   SORTNAME = {Hamborg, Felix},
   TITLE = {Media Bias, the Social Sciences, and NLP: Automating Frame Analyses to Identify Bias by Word Choice and Labeling}}
@INPROCEEDINGS{SRW-009,
   AUTHOR = {Casas, Noe and Costa-jussà, Marta R. and Fonollosa, José A. R.},
   SORTNAME = {Casas, Noe and Costa-jussa, Marta R. and Fonollosa, Jose A. R.},
   TITLE = {Combining Subword Representations into Word-level Representations in the Transformer Architecture}}
@INPROCEEDINGS{SRW-016,
   AUTHOR = {Bhargava, Prajjwal},
   SORTNAME = {Bhargava, Prajjwal},
   TITLE = {Adaptive Transformers for Learning Multimodal Representations}}
@INPROCEEDINGS{SRW-129,
   AUTHOR = {Tanaka, Yu and Murawaki, Yugo and Kawahara, Daisuke and Kurohashi, Sadao},
   SORTNAME = {Tanaka, Yu and Murawaki, Yugo and Kawahara, Daisuke and Kurohashi, Sadao},
   TITLE = {Building a Japanese Typo Dataset from Wikipedia's Revision History}}
@INPROCEEDINGS{SRW-042,
   AUTHOR = {Tang, Zheng and Hahn-Powell, Gus and Surdeanu, Mihai},
   SORTNAME = {Tang, Zheng and Hahn-Powell, Gus and Surdeanu, Mihai},
   TITLE = {Exploring Interpretability in Event Extraction: Multitask Learning of a Neural Event Classifier and an Explanation Decoder}}
@INPROCEEDINGS{SRW-116,
   AUTHOR = {Jaiswal, Mimansa and Provost, Emily Mower},
   SORTNAME = {Jaiswal, Mimansa and Provost, Emily Mower},
   TITLE = {Noise-Based Augmentation Techniques for Emotion Datasets: What do we Recommend?}}
@INPROCEEDINGS{SRW-127,
   AUTHOR = {Bhatt, Gantavya and Bansal, Hritik and Singh, Rishubh and Agarwal, Sumeet},
   SORTNAME = {Bhatt, Gantavya and Bansal, Hritik and Singh, Rishubh and Agarwal, Sumeet},
   TITLE = {How much complexity does an RNN architecture need to learn syntax-sensitive dependencies?}}
@INPROCEEDINGS{SRW-028,
   AUTHOR = {Russin, Jacob and Jo, Jason and O'Reilly, Randall and Bengio, Yoshua},
   SORTNAME = {Russin, Jacob and Jo, Jason and O'Reilly, Randall and Bengio, Yoshua},
   TITLE = {Compositional Generalization by Factorizing Alignment and Translation}}
@INPROCEEDINGS{SRW-017,
   AUTHOR = {Qian, Yusu},
   SORTNAME = {Qian, Yusu},
   TITLE = {Story-level Text Style Transfer: A Proposal}}
@INPROCEEDINGS{SRW-144,
   AUTHOR = {Biesialska, Magdalena and Rafieian, Bardia and Costa-jussà, Marta R.},
   SORTNAME = {Biesialska, Magdalena and Rafieian, Bardia and Costa-jussa, Marta R.},
   TITLE = {Enhancing Word Embeddings with Knowledge Extracted from Lexical Resources}}
@INPROCEEDINGS{SRW-019,
   AUTHOR = {Pai, Sharan and Sachdeva, Nikhil and Sachdeva, Prince and Shah, Rajiv Ratn},
   SORTNAME = {Pai, Sharan and Sachdeva, Nikhil and Sachdeva, Prince and Shah, Rajiv Ratn},
   TITLE = {Unsupervised Paraphasia Classification in Aphasic Speech}}
@INPROCEEDINGS{SRW-128,
   AUTHOR = {Goyal, Vikrant and Kumar, Sourav and Sharma, Dipti Misra},
   SORTNAME = {Goyal, Vikrant and Kumar, Sourav and Sharma, Dipti Misra},
   TITLE = {Efficient Neural Machine Translation for Low-Resource Languages via Exploiting Related Languages}}
@INPROCEEDINGS{SRW-117,
   AUTHOR = {Zhang, Hang and Liu, Dayiheng and Lv, Jiancheng and Cheng, Luo},
   SORTNAME = {Zhang, Hang and Liu, Dayiheng and Lv, Jiancheng and Cheng, Luo},
   TITLE = {Let's be Humorous: Knowledge Enhanced Humor Generation}}
@INPROCEEDINGS{SRW-036,
   AUTHOR = {Akdemir, Arda},
   SORTNAME = {Akdemir, Arda},
   TITLE = {Research on Task Discovery for Transfer Learning in Deep Neural Networks}}
@INPROCEEDINGS{SRW-131,
   AUTHOR = {Funayama, Hiroaki and Sasaki, Shota and Matsubayashi, Yuichiroh and Mizumoto, Tomoya and Suzuki, Jun and Mita, Masato and Inui, Kentaro},
   SORTNAME = {Funayama, Hiroaki and Sasaki, Shota and Matsubayashi, Yuichiroh and Mizumoto, Tomoya and Suzuki, Jun and Mita, Masato and Inui, Kentaro},
   TITLE = {Preventing Critical Scoring Errors in Short Answer Scoring with Confidence Estimation}}
@INPROCEEDINGS{SRW-109,
   AUTHOR = {Lebanoff, Logan and Muchovej, John and Dernoncourt, Franck and Kim, Doo Soon and Wang, Lidan and Chang, Walter and Liu, Fei},
   SORTNAME = {Lebanoff, Logan and Muchovej, John and Dernoncourt, Franck and Kim, Doo Soon and Wang, Lidan and Chang, Walter and Liu, Fei},
   TITLE = {Understanding Points of Correspondence between Sentences for Abstractive Summarization}}
@INPROCEEDINGS{SRW-054,
   AUTHOR = {Pan, Yirong and Li, Xiao and Yang, Yating and Dong, Rui},
   SORTNAME = {Pan, Yirong and Li, Xiao and Yang, Yating and Dong, Rui},
   TITLE = {Multi-Task Neural Model for Agglutinative Language Translation}}
@INPROCEEDINGS{SRW-098,
   AUTHOR = {Daif, Mahmoud and Kitada, Shunsuke and Iyatomi, Hitoshi},
   SORTNAME = {Daif, Mahmoud and Kitada, Shunsuke and Iyatomi, Hitoshi},
   TITLE = {AraDIC: Arabic Document Classification Using Image-Based Character Embeddings and Class-Balanced Loss}}
@INPROCEEDINGS{SRW-053,
   AUTHOR = {Park, Hyeryun and Kim, Kyungmo and Yoon, Jooyoung and Park, Seongkeun and Choi, Jinwook},
   SORTNAME = {Park, Hyeryun and Kim, Kyungmo and Yoon, Jooyoung and Park, Seongkeun and Choi, Jinwook},
   TITLE = {{F}eature {D}ifference {M}akes {S}ense: {A} medical image captioning model exploiting feature difference and tag information}}
@INPROCEEDINGS{SRW-039,
   AUTHOR = {Zhou, Xuhui and Huang, Shujian and Zheng, Zaixiang},
   SORTNAME = {Zhou, Xuhui and Huang, Shujian and Zheng, Zaixiang},
   TITLE = {RPD: A Distance Function Between Word Embeddings}}
@INPROCEEDINGS{SRW-106,
   AUTHOR = {Steingrímsson, Steinþór and Loftsson, Hrafn and Way, Andy},
   SORTNAME = {Steingrimsson, Steinþor and Loftsson, Hrafn and Way, Andy},
   TITLE = {Effectively Aligning and Filtering Parallel Corpora under Sparse Data Conditions}}
@INPROCEEDINGS{SRW-099,
   AUTHOR = {Luo, Tianyi and Li, Xingyu and Wang, Hainan and Liu, Yang},
   SORTNAME = {Luo, Tianyi and Li, Xingyu and Wang, Hainan and Liu, Yang},
   TITLE = {Research Replication Prediction Using Weakly Supervised Learning}}
@INPROCEEDINGS{SRW-052,
   AUTHOR = {Ishibashi, Yoichi and Sudoh, Katsuhito and Yoshino, Koichiro and Nakamura, Satoshi},
   SORTNAME = {Ishibashi, Yoichi and Sudoh, Katsuhito and Yoshino, Koichiro and Nakamura, Satoshi},
   TITLE = {Reflection-based Word Attribute Transfer}}
@INPROCEEDINGS{SRW-055,
   AUTHOR = {Harbecke, David and Alt, Christoph},
   SORTNAME = {Harbecke, David and Alt, Christoph},
   TITLE = {Considering Likelihood in NLP Classification Explanations with Occlusion and Language Modeling}}
@INPROCEEDINGS{SRW-137,
   AUTHOR = {Kvapilíková, Ivana and Artetxe, Mikel and Labaka, Gorka and Agirre, Eneko and Bojar, Ondřej},
   SORTNAME = {Kvapilikova, Ivana and Artetxe, Mikel and Labaka, Gorka and Agirre, Eneko and Bojar, Ondrej},
   TITLE = {Unsupervised Multilingual Sentence Embeddings for Parallel Corpus Mining}}
@INPROCEEDINGS{SRW-090,
   AUTHOR = {Muradoglu, Saliha and Evans, Nicholas and Suominen, Hanna},
   SORTNAME = {Muradoglu, Saliha and Evans, Nicholas and Suominen, Hanna},
   TITLE = {To compress or not to compress? A Finite-State approach to Nen verbal morphology}}
@INPROCEEDINGS{SRW-046,
   AUTHOR = {Buddemeyer, Amanda and Tian, Xiaoyi and Walker, Erin},
   SORTNAME = {Buddemeyer, Amanda and Tian, Xiaoyi and Walker, Erin},
   TITLE = {Dominance as an Indicator of Rapport and Learning in Human-Agent Communication}}
@INPROCEEDINGS{SRW-079,
   AUTHOR = {Tela, Abrhalei Frezghi and Zewoudie, Abraham Woubie and Hautamäki, Ville},
   SORTNAME = {Tela, Abrhalei Frezghi and Zewoudie, Abraham Woubie and Hautamaki, Ville},
   TITLE = {Transferring Monolingual Model to Low-Resource Language: The Case of Tigrinya}}
@INPROCEEDINGS{SRW-115,
   AUTHOR = {Kobayashi, Goro and Kuribayashi, Tatsuki and Yokoi, Sho and Inui, Kentaro},
   SORTNAME = {Kobayashi, Goro and Kuribayashi, Tatsuki and Yokoi, Sho and Inui, Kentaro},
   TITLE = {Self-Attention is Not Only a Weight: Analyzing BERT with Vector Norms}}
@INPROCEEDINGS{SRW-123,
   AUTHOR = {Kato, Takuma and Abe, Kaori and Ouchi, Hiroki and Miyawaki, Shumpei and Suzuki, Jun and Inui, Kentaro},
   SORTNAME = {Kato, Takuma and Abe, Kaori and Ouchi, Hiroki and Miyawaki, Shumpei and Suzuki, Jun and Inui, Kentaro},
   TITLE = {Embeddings of Label Components for Sequence Labeling: A Case Study of Fine-grained Named Entity Recognition}}
@INPROCEEDINGS{SRW-048,
   AUTHOR = {Song, Haiyue and Dabre, Raj and Mao, Zhuoyuan and Cheng, Fei and Kurohashi, Sadao and Sumita, Eiichiro},
   SORTNAME = {Song, Haiyue and Dabre, Raj and Mao, Zhuoyuan and Cheng, Fei and Kurohashi, Sadao and Sumita, Eiichiro},
   TITLE = {Pre-training via Leveraging Assisting Languages for Neural Machine Translation}}
@INPROCEEDINGS{SRW-084,
   AUTHOR = {Chen, Hannah and Ji, Yangfeng and Evans, David},
   SORTNAME = {Chen, Hannah and Ji, Yangfeng and Evans, David},
   TITLE = {Pointwise Paraphrase Appraisal is Potentially Problematic}}
@INPROCEEDINGS{SRW-015,
   AUTHOR = {Takahashi, Yujin and Katsumata, Satoru and Komachi, Mamoru},
   SORTNAME = {Takahashi, Yujin and Katsumata, Satoru and Komachi, Mamoru},
   TITLE = {Grammatical Error Correction Using Pseudo Learner Corpus Considering Learner's Error Tendency}}
@INPROCEEDINGS{SRW-085,
   AUTHOR = {Suvarna, Ashima and Bhalla, Grusha},
   SORTNAME = {Suvarna, Ashima and Bhalla, Grusha},
   TITLE = {\#NotAWhore! A Computational Linguistic Perspective of Rape Culture and Victimization on Social Media}}
@INPROCEEDINGS{SRW-082,
   AUTHOR = {Nallani, Sneha and Shrivastava, Manish and Sharma, Dipti},
   SORTNAME = {Nallani, Sneha and Shrivastava, Manish and Sharma, Dipti},
   TITLE = {A Simple and Effective Dependency Parser for Telugu}}
@INPROCEEDINGS{SRW-049,
   AUTHOR = {Malireddy, Chanakya and Maniar, Tirth and Shrivastava, Manish},
   SORTNAME = {Malireddy, Chanakya and Maniar, Tirth and Shrivastava, Manish},
   TITLE = {SCAR: Sentence Compression using Autoencoders for Reconstruction}}
@INPROCEEDINGS{SRW-122,
   AUTHOR = {Zhuang, Yuan and Riloff, Ellen},
   SORTNAME = {Zhuang, Yuan and Riloff, Ellen},
   TITLE = {Exploring the Role of Context to Distinguish Rhetorical and Information-Seeking Questions}}
@INPROCEEDINGS{SRW-114,
   AUTHOR = {Zhang, Yuhui and Nie, Allen},
   SORTNAME = {Zhang, Yuhui and Nie, Allen},
   TITLE = {Inducing Grammar from Long Short-Term Memory Networks by Shapley Decomposition}}
@INPROCEEDINGS{SRW-002,
   AUTHOR = {Pandramish, Vinay and Sharma, Dipti Misra},
   SORTNAME = {Pandramish, Vinay and Sharma, Dipti Misra},
   TITLE = {Checkpoint Reranking: An Approach to Select Better Hypothesis for Neural Machine Translation Systems}}
@INPROCEEDINGS{SRW-005,
   AUTHOR = {Veselova, Eugeniia and Vorontsov, Konstantin},
   SORTNAME = {Veselova, Eugeniia and Vorontsov, Konstantin},
   TITLE = {Topic Balancing with Additive Regularization of Topic Models}}
@INPROCEEDINGS{SRW-014,
   AUTHOR = {Kim, Hwichan and Hirasawa, Tosho and Komachi, Mamoru},
   SORTNAME = {Kim, Hwichan and Hirasawa, Tosho and Komachi, Mamoru},
   TITLE = {Zero-shot North Korean to English Neural Machine Translation by Character Tokenization and Phoneme Decomposition}}
@INPROCEEDINGS{SRW-022,
   AUTHOR = {Luu, Alex and Malamud, Sophia A.},
   SORTNAME = {Luu, Alex and Malamud, Sophia A.},
   TITLE = {Non-Topical Coherence in Social Talk: A Call for Dialogue Model Enrichment}}
