@INPROCEEDINGS{iwslt-032,
   AUTHOR = {Vázquez, Raúl and Aulamo, Mikko and Sulubacak, Umut and Tiedemann, Jörg},
   SORTNAME = {Vazquez, Raul and Aulamo, Mikko and Sulubacak, Umut and Tiedemann, Jorg},
   TITLE = {The University of Helsinki Submission to the IWSLT2020 Offline SpeechTranslation Task}}
@INPROCEEDINGS{iwslt-034,
   AUTHOR = {Saini, Nikhil and Khatri, Jyotsana and Jyothi, Preethi and Bhattacharyya, Pushpak},
   SORTNAME = {Saini, Nikhil and Khatri, Jyotsana and Jyothi, Preethi and Bhattacharyya, Pushpak},
   TITLE = {Generating Fluent Translations from Disfluent Text Without Access to Fluent References: IIT Bombay\@IWSLT2020}}
@INPROCEEDINGS{iwslt-033,
   AUTHOR = {Bahar, Parnia and Wilken, Patrick and Alkhouli, Tamer and Guta, Andreas and Golik, Pavel and Matusov, Evgeny and Herold, Christian},
   SORTNAME = {Bahar, Parnia and Wilken, Patrick and Alkhouli, Tamer and Guta, Andreas and Golik, Pavel and Matusov, Evgeny and Herold, Christian},
   TITLE = {Start-Before-End and End-to-End: Neural Speech Translation by AppTek and RWTH Aachen University}}
@INPROCEEDINGS{iwslt-018,
   AUTHOR = {Wilken, Patrick and Alkhouli, Tamer and Matusov, Evgeny and Golik, Pavel},
   SORTNAME = {Wilken, Patrick and Alkhouli, Tamer and Matusov, Evgeny and Golik, Pavel},
   TITLE = {Neural Simultaneous Speech Translation Using Alignment-Based Chunking}}
@INPROCEEDINGS{iwslt-027,
   AUTHOR = {Fukuda, Ryo and Sudoh, Katsuhito and Nakamura, Satoshi},
   SORTNAME = {Fukuda, Ryo and Sudoh, Katsuhito and Nakamura, Satoshi},
   TITLE = {NAIST's Machine Translation Systems for IWSLT 2020 Conversational Speech Translation Task}}
@INPROCEEDINGS{iwslt-009,
   AUTHOR = {Schneider, Felix and Waibel, Alexander},
   SORTNAME = {Schneider, Felix and Waibel, Alexander},
   TITLE = {Towards Stream Translation: Adaptive Computation Time for Simultaneous Machine Translation}}
@INPROCEEDINGS{iwslt-011,
   AUTHOR = {Karakanta, Alina and Negri, Matteo and Turchi, Marco},
   SORTNAME = {Karakanta, Alina and Negri, Matteo and Turchi, Marco},
   TITLE = {Is 42 the Answer to Everything in Subtitling-oriented Speech Translation?}}
@INPROCEEDINGS{iwslt-007,
   AUTHOR = {Liu, Danni and Niehues, Jan and Spanakis, Gerasimos},
   SORTNAME = {Liu, Danni and Niehues, Jan and Spanakis, Gerasimos},
   TITLE = {Adapting End-to-End Speech Recognition for Readable Subtitles}}
@INPROCEEDINGS{iwslt-042,
   AUTHOR = {Zhuang, Yimeng and Zhang, Yuan and Wang, Lijie},
   SORTNAME = {Zhuang, Yimeng and Zhang, Yuan and Wang, Lijie},
   TITLE = {LIT Team's System Description for Japanese-Chinese Machine Translation Task in IWSLT 2020}}
@INPROCEEDINGS{iwslt-045,
   AUTHOR = {Wang, Minghan and Yang, Hao and Deng, Yao and Qin, Ying and Lei, Lizhi and Wei, Daimeng and Shang, Hengchao and Xie, Ning and Li, Xiaochun and Guo, Jiaxian},
   SORTNAME = {Wang, Minghan and Yang, Hao and Deng, Yao and Qin, Ying and Lei, Lizhi and Wei, Daimeng and Shang, Hengchao and Xie, Ning and Li, Xiaochun and Guo, Jiaxian},
   TITLE = {The HW-TSC Video Speech Translation System at IWSLT 2020}}
@INPROCEEDINGS{iwslt-028,
   AUTHOR = {Potapczyk, Tomasz and Przybysz, Pawel},
   SORTNAME = {Potapczyk, Tomasz and Przybysz, Pawel},
   TITLE = {SRPOL's System for the IWSLT 2020 End-to-End Speech Translation Task}}
@INPROCEEDINGS{iwslt-017,
   AUTHOR = {Courtland, Maury and Faulkner, Adam and McElvain, Gayle},
   SORTNAME = {Courtland, Maury and Faulkner, Adam and McElvain, Gayle},
   TITLE = {Efficient Automatic Punctuation Restoration Using Bidirectional Transformers with Robust Inference}}
@INPROCEEDINGS{iwslt-019,
   AUTHOR = {Zhang, Qian and Li, Xiaopu and Dang, Dawei and Shi, Tingxun and Ai, Di and Xue, Zhengshan and Hao, Jie},
   SORTNAME = {Zhang, Qian and Li, Xiaopu and Dang, Dawei and Shi, Tingxun and Ai, Di and Xue, Zhengshan and Hao, Jie},
   TITLE = {OPPO's Machine Translation System for the IWSLT 2020 Open Domain Translation Task}}
@INPROCEEDINGS{iwslt-026,
   AUTHOR = {Lakumarapu, Nikhil Kumar and Lee, Beomseok and Indurthi, Sathish Reddy and Han, Hou Jeung and Zaidi, Mohd Abbas and Kim, Sangha},
   SORTNAME = {Lakumarapu, Nikhil Kumar and Lee, Beomseok and Indurthi, Sathish Reddy and Han, Hou Jeung and Zaidi, Mohd Abbas and Kim, Sangha},
   TITLE = {End-to-End Offline Speech Translation System for IWSLT 2020 using Modality Agnostic Meta-Learning}}
@INPROCEEDINGS{iwslt-008,
   AUTHOR = {Federico, Marcello and Enyedi, Robert and Barra-Chicote, Roberto and Giri, Ritwik and Isik, Umut and Krishnaswamy, Arvindh and Sawaf, Hassan},
   SORTNAME = {Federico, Marcello and Enyedi, Robert and Barra-Chicote, Roberto and Giri, Ritwik and Isik, Umut and Krishnaswamy, Arvindh and Sawaf, Hassan},
   TITLE = {From Speech-to-Speech Translation to Automatic Dubbing}}
@INPROCEEDINGS{iwslt-021,
   AUTHOR = {Chen, Pinzhen and Bogoychev, Nikolay and Germann, Ulrich},
   SORTNAME = {Chen, Pinzhen and Bogoychev, Nikolay and Germann, Ulrich},
   TITLE = {Character Mapping and Ad-hoc Adaptation: Edinburgh's IWSLT 2020 Open Domain Translation System}}
@INPROCEEDINGS{iwslt-044,
   AUTHOR = {Pham, Ngoc-Quan and Schneider, Felix and Nguyen, Tuan-Nam and Ha, Thanh-Le and Nguyen, Thai Son and Awiszus, Maximilian and Stüker, Sebastian and Waibel, Alexander},
   SORTNAME = {Pham, Ngoc-Quan and Schneider, Felix and Nguyen, Tuan-Nam and Ha, Thanh-Le and Nguyen, Thai Son and Awiszus, Maximilian and Stuker, Sebastian and Waibel, Alexander},
   TITLE = {KIT's IWSLT 2020 SLT Translation System}}
@INPROCEEDINGS{iwslt-043,
   AUTHOR = {Macháček, Dominik and Kratochvíl, Jonáš and Sagar, Sangeet and Žilinec, Matúš and Bojar, Ondřej and Nguyen, Thai-Son and Schneider, Felix and Williams, Philip and Yao, Yuekun},
   SORTNAME = {Machacek, Dominik and Kratochvil, Jonas and Sagar, Sangeet and Zilinec, Matus and Bojar, Ondrej and Nguyen, Thai-Son and Schneider, Felix and Williams, Philip and Yao, Yuekun},
   TITLE = {ELITR Non-Native Speech Translation at IWSLT 2020}}
@INPROCEEDINGS{iwslt-038,
   AUTHOR = {Cui, Hongyi and Wei, Yizhen and Iida, Shohei and Utsuro, Takehito and Nagata, Masaaki},
   SORTNAME = {Cui, Hongyi and Wei, Yizhen and Iida, Shohei and Utsuro, Takehito and Nagata, Masaaki},
   TITLE = {University of Tsukuba's Machine Translation System for IWSLT20 Open Domain Translation Task}}
@INPROCEEDINGS{iwslt-036,
   AUTHOR = {Hagiwara, Masato},
   SORTNAME = {Hagiwara, Masato},
   TITLE = {Octanove Labs' Japanese-Chinese Open Domain Translation System}}
@INPROCEEDINGS{iwslt-031,
   AUTHOR = {Gaido, Marco and Di Gangi, Mattia A. and Negri, Matteo and Turchi, Marco},
   SORTNAME = {Gaido, Marco and Di Gangi, Mattia A. and Negri, Matteo and Turchi, Marco},
   TITLE = {End-to-End Speech-Translation with Knowledge Distillation: FBK\@IWSLT2020}}
@INPROCEEDINGS{iwslt-030,
   AUTHOR = {Elbayad, Maha and Nguyen, Ha and Bougares, Fethi and Tomashenko, Natalia and Caubrière, Antoine and Lecouteux, Benjamin and Estève, Yannick and Besacier, Laurent},
   SORTNAME = {Elbayad, Maha and Nguyen, Ha and Bougares, Fethi and Tomashenko, Natalia and Caubriere, Antoine and Lecouteux, Benjamin and Esteve, Yannick and Besacier, Laurent},
   TITLE = {ON-TRAC Consortium for End-to-End and Simultaneous Speech Translation Challenge Tasks at IWSLT 2020}}
@INPROCEEDINGS{iwslt-037,
   AUTHOR = {Ore, Brian and Hansen, Eric and Anderson, Tim and Gwinnup, Jeremy},
   SORTNAME = {Ore, Brian and Hansen, Eric and Anderson, Tim and Gwinnup, Jeremy},
   TITLE = {The AFRL IWSLT 2020 Systems: Work-From-Home Edition}}
@INPROCEEDINGS{iwslt-039,
   AUTHOR = {Sun, Yuhui and Guo, Mengxue and Li, Xiang and Cui, Jianwei and Wang, Bin},
   SORTNAME = {Sun, Yuhui and Guo, Mengxue and Li, Xiang and Cui, Jianwei and Wang, Bin},
   TITLE = {Xiaomi's Submissions for IWSLT 2020 Open Domain Translation Task}}
@INPROCEEDINGS{iwslt-046,
   AUTHOR = {wei, jiaze and liu, wenbin and wu, zhenfeng and pan, you and he, yanqing},
   SORTNAME = {wei, jiaze and liu, wenbin and wu, zhenfeng and pan, you and he, yanqing},
   TITLE = {ISTIC's Neural Machine Translation System for IWSLT'2020}}
@INPROCEEDINGS{iwslt-041,
   AUTHOR = {Polák, Peter and Sagar, Sangeet and Macháček, Dominik and Bojar, Ondřej},
   SORTNAME = {Polak, Peter and Sagar, Sangeet and Machacek, Dominik and Bojar, Ondrej},
   TITLE = {CUNI Neural ASR with Phoneme-Level Intermediate Step for{\textasciitilde}Non-Native{\textasciitilde}SLT at IWSLT 2020}}
@INPROCEEDINGS{iwslt-024,
   AUTHOR = {Su, Enmin and Ren, Yi},
   SORTNAME = {Su, Enmin and Ren, Yi},
   TITLE = {Deep Blue Sonics' Submission to IWSLT 2020 Open Domain Translation Task}}
@INPROCEEDINGS{iwslt-023,
   AUTHOR = {Wang, Qian and Liu, Yuchen and Ma, Cong and Lu, Yu and Wang, Yining and Zhou, Long and Zhao, Yang and Zhang, Jiajun and Zong, Chengqing},
   SORTNAME = {Wang, Qian and Liu, Yuchen and Ma, Cong and Lu, Yu and Wang, Yining and Zhou, Long and Zhao, Yang and Zhang, Jiajun and Zong, Chengqing},
   TITLE = {CASIA's System for IWSLT 2020 Open Domain Translation}}
@INPROCEEDINGS{iwslt-015,
   AUTHOR = {Bizzoni, Yuri and Juzek, Tom S and España-Bonet, Cristina and Dutta Chowdhury, Koel and van Genabith, Josef and Teich, Elke},
   SORTNAME = {Bizzoni, Yuri and Juzek, Tom S and Espana-Bonet, Cristina and Dutta Chowdhury, Koel and van Genabith, Josef and Teich, Elke},
   TITLE = {How Human is Machine Translationese? Comparing Human and Machine Translations of Text and Speech}}
@INPROCEEDINGS{iwslt-012,
   AUTHOR = {Arivazhagan, Naveen and Cherry, Colin and Macherey, Wolfgang and Foster, George},
   SORTNAME = {Arivazhagan, Naveen and Cherry, Colin and Macherey, Wolfgang and Foster, George},
   TITLE = {Re-translation versus Streaming for Simultaneous Translation}}
@INPROCEEDINGS{iwslt-040,
   AUTHOR = {Han, Hou Jeung and Zaidi, Mohd Abbas and Indurthi, Sathish Reddy and Lakumarapu, Nikhil Kumar and Lee, Beomseok and Kim, Sangha},
   SORTNAME = {Han, Hou Jeung and Zaidi, Mohd Abbas and Indurthi, Sathish Reddy and Lakumarapu, Nikhil Kumar and Lee, Beomseok and Kim, Sangha},
   TITLE = {End-to-End Simultaneous Translation System for IWSLT2020 Using Modality Agnostic Meta-Learning}}
@INPROCEEDINGS{iwslt-047,
   AUTHOR = {Ansari, Ebrahim and axelrod, amittai and Bach, Nguyen and Bojar, Ondřej and Cattoni, Roldano and Dalvi, Fahim and Durrani, Nadir and Federico, Marcello and Federmann, Christian and Gu, Jiatao and Huang, Fei and Knight, Kevin and Ma, Xutai and Nagesh, Ajay and Negri, Matteo and Niehues, Jan and Pino, Juan and Salesky, Elizabeth and Shi, Xing and Stüker, Sebastian and Turchi, Marco and Waibel, Alexander and Wang, Changhan},
   SORTNAME = {Ansari, Ebrahim and axelrod, amittai and Bach, Nguyen and Bojar, Ondrej and Cattoni, Roldano and Dalvi, Fahim and Durrani, Nadir and Federico, Marcello and Federmann, Christian and Gu, Jiatao and Huang, Fei and Knight, Kevin and Ma, Xutai and Nagesh, Ajay and Negri, Matteo and Niehues, Jan and Pino, Juan and Salesky, Elizabeth and Shi, Xing and Stuker, Sebastian and Turchi, Marco and Waibel, Alexander and Wang, Changhan},
   TITLE = {FINDINGS OF THE IWSLT 2020 EVALUATION CAMPAIGN}}
@INPROCEEDINGS{iwslt-014,
   AUTHOR = {Dinu, Georgiana and Mathur, Prashant and Federico, Marcello and Lauly, Stanislas and Al-Onaizan, Yaser},
   SORTNAME = {Dinu, Georgiana and Mathur, Prashant and Federico, Marcello and Lauly, Stanislas and Al-Onaizan, Yaser},
   TITLE = {Joint Translation and Unit Conversion for End-to-end Localization}}
@INPROCEEDINGS{iwslt-022,
   AUTHOR = {Arkhangorodsky, Arkady and Huang, Yiqi and axelrod, amittai},
   SORTNAME = {Arkhangorodsky, Arkady and Huang, Yiqi and axelrod, amittai},
   TITLE = {DiDi Labs' End-to-end System for the IWSLT 2020 Offline Speech TranslationTask}}
