@INPROCEEDINGS{nlpmc-018,
   AUTHOR = {Mani, Anirudh and Palaskar, Shruti and Konam, Sandeep},
   SORTNAME = {Mani, Anirudh and Palaskar, Shruti and Konam, Sandeep},
   TITLE = {Towards Understanding ASR Error Correction for Medical Conversations}}
@INPROCEEDINGS{nlpmc-011,
   AUTHOR = {Ding, Xiyu and Barnett, Michael and Mehrotra, Ateev and Miller, Timothy},
   SORTNAME = {Ding, Xiyu and Barnett, Michael and Mehrotra, Ateev and Miller, Timothy},
   TITLE = {Methods for Extracting Information from Messages from Primary Care Providers to Specialists}}
@INPROCEEDINGS{nlpmc-007,
   AUTHOR = {Wang, Nan and Song, Yan and Xia, Fei},
   SORTNAME = {Wang, Nan and Song, Yan and Xia, Fei},
   TITLE = {Studying Challenges in Medical Conversation with Structured Annotation}}
@INPROCEEDINGS{nlpmc-006,
   AUTHOR = {Enarvi, Seppo and Amoia, Marilisa and Del-Agua Teba, Miguel and Delaney, Brian and Diehl, Frank and Hahn, Stefan and Harris, Kristina and McGrath, Liam and Pan, Yue and Pinto, Joel and Rubini, Luca and Ruiz, Miguel and Singh, Gagandeep and Stemmer, Fabian and Sun, Weiyi and Vozila, Paul and Lin, Thomas and Ramamurthy, Ranjani},
   SORTNAME = {Enarvi, Seppo and Amoia, Marilisa and Del-Agua Teba, Miguel and Delaney, Brian and Diehl, Frank and Hahn, Stefan and Harris, Kristina and McGrath, Liam and Pan, Yue and Pinto, Joel and Rubini, Luca and Ruiz, Miguel and Singh, Gagandeep and Stemmer, Fabian and Sun, Weiyi and Vozila, Paul and Lin, Thomas and Ramamurthy, Ranjani},
   TITLE = {Generating Medical Reports from Patient-Doctor Conversations Using Sequence-to-Sequence Models}}
@INPROCEEDINGS{nlpmc-019,
   AUTHOR = {Asgari, Meysam and Chen, Liu and Dodge, Hiroko},
   SORTNAME = {Asgari, Meysam and Chen, Liu and Dodge, Hiroko},
   TITLE = {Topic-Based Measures of Conversation for Detecting Mild CognitiveImpairment}}
@INPROCEEDINGS{nlpmc-003,
   AUTHOR = {Gupta, Itika and Di Eugenio, Barbara and Salunke, Devika and Boyd, Andrew and Allen-Meares, Paula and Dickens, Carolyn and Garcia, Olga},
   SORTNAME = {Gupta, Itika and Di Eugenio, Barbara and Salunke, Devika and Boyd, Andrew and Allen-Meares, Paula and Dickens, Carolyn and Garcia, Olga},
   TITLE = {Heart Failure Education of African American and Hispanic/Latino Patients: Data Collection and Analysis}}
@INPROCEEDINGS{nlpmc-012,
   AUTHOR = {Sunkara, Monica and Ronanki, Srikanth and Dixit, Kalpit and Bodapati, Sravan and Kirchhoff, Katrin},
   SORTNAME = {Sunkara, Monica and Ronanki, Srikanth and Dixit, Kalpit and Bodapati, Sravan and Kirchhoff, Katrin},
   TITLE = {Robust Prediction of Punctuation and Truecasing for Medical ASR}}
@INPROCEEDINGS{nlpmc-005,
   AUTHOR = {Amith, Muhammad and Cui, Licong and Roberts, Kirk and Tao, Cui},
   SORTNAME = {Amith, Muhammad and Cui, Licong and Roberts, Kirk and Tao, Cui},
   TITLE = {Towards an Ontology-based Medication Conversational Agent for PrEP and PEP}}
@INPROCEEDINGS{nlpmc-014,
   AUTHOR = {Neumann, Michael and Roessler, Oliver and Suendermann-Oeft, David and Ramanarayanan, Vikram},
   SORTNAME = {Neumann, Michael and Roessler, Oliver and Suendermann-Oeft, David and Ramanarayanan, Vikram},
   TITLE = {On the Utility of Audiovisual Dialog Technologies and Signal Analytics for Real-time Remote Monitoring of Depression Biomarkers}}
