@INPROCEEDINGS{LLVisInt-010,
   AUTHOR = {Hoque, Enamul and Carenini, Giuseppe and Joty, Shafiq},
   SORTNAME = {Hoque, Enamul and Carenini, Giuseppe and Joty, Shafiq},
   TITLE = {Interactive Exploration of Asynchronous Conversations: Applying a User-centered Approach to Design a Visual Text Analytic System}}
@INPROCEEDINGS{LLVisInt-012,
   AUTHOR = {Weiss, Rebecca},
   SORTNAME = {Weiss, Rebecca},
   TITLE = {MUCK: A toolkit for extracting and visualizing semantic dimensions of large text collections}}
@INPROCEEDINGS{LLVisInt-013,
   AUTHOR = {McCracken, Nancy and Liew, Jasy Suet Yan and Crowston, Kevin},
   SORTNAME = {McCracken, Nancy and Liew, Jasy Suet Yan and Crowston, Kevin},
   TITLE = {Design of an Active Learning System with Human Correction for Content Analysis}}
@INPROCEEDINGS{LLVisInt-014,
   AUTHOR = {Sievert, Carson and Shirley, Kenneth},
   SORTNAME = {Sievert, Carson and Shirley, Kenneth},
   TITLE = {LDAvis: A method for visualizing and interpreting topics}}
@INPROCEEDINGS{LLVisInt-017,
   AUTHOR = {Smith, Alison and Hawes, Timothy and Myers, Meredith},
   SORTNAME = {Smith, Alison and Hawes, Timothy and Myers, Meredith},
   TITLE = {Hiearchie: Visualization for Hierarchical Topic Models}}
@INPROCEEDINGS{LLVisInt-018,
   AUTHOR = {Smith, Alison and Chuang, Jason and Hu, Yuening and Boyd-Graber, Jordan and Findlater, Leah},
   SORTNAME = {Smith, Alison and Chuang, Jason and Hu, Yuening and Boyd-Graber, Jordan and Findlater, Leah},
   TITLE = {Concurrent Visualization of Relationships between Words and Topics in Topic Models}}
@INPROCEEDINGS{LLVisInt-019,
   AUTHOR = {O'Connor, Brendan},
   SORTNAME = {O'Connor, Brendan},
   TITLE = {MiTextExplorer: Linked brushing and mutual information for exploratory text data analysis}}
@INPROCEEDINGS{LLVisInt-004,
   AUTHOR = {Yang, Yi and Pan, Shimei and Downey, Doug and Zhang, Kunpeng},
   SORTNAME = {Yang, Yi and Pan, Shimei and Downey, Doug and Zhang, Kunpeng},
   TITLE = {Active Learning with Constrained Topic Model}}
@INPROCEEDINGS{LLVisInt-005,
   AUTHOR = {Chang, Angel and Savva, Manolis and Manning, Christopher},
   SORTNAME = {Chang, Angel and Savva, Manolis and Manning, Christopher},
   TITLE = {Interactive Learning of Spatial Knowledge for Text to 3D Scene Generation}}
@INPROCEEDINGS{LLVisInt-006,
   AUTHOR = {Chen, MeiHua and Huang, Shih-Ting and Kao, Ting-Hui and Chiu, Hsun-wen and Yen, Tzu-Hsi},
   SORTNAME = {Chen, MeiHua and Huang, Shih-Ting and Kao, Ting-Hui and Chiu, Hsun-wen and Yen, Tzu-Hsi},
   TITLE = {GLANCE Visualizes Lexical Phenomena for Language Learning}}
@INPROCEEDINGS{LLVisInt-007,
   AUTHOR = {Gupta, Sonal and Manning, Christopher},
   SORTNAME = {Gupta, Sonal and Manning, Christopher},
   TITLE = {SPIED: Stanford Pattern based Information Extraction and Diagnostics}}
@INPROCEEDINGS{LLVisInt-008,
   AUTHOR = {Coppersmith, Glen and Kelly, Erin},
   SORTNAME = {Coppersmith, Glen and Kelly, Erin},
   TITLE = {Dynamic Wordclouds and Vennclouds for Exploratory Data Analysis}}
