@INPROCEEDINGS{WASSA-001,
   AUTHOR = {Lynch, Gerard and Cunningham, Pádraig},
   SORTNAME = {Lynch, Gerard and Cunningham, Padraig},
   TITLE = {Linguistically Informed Tweet Categorization for Online Reputation Management}}
@INPROCEEDINGS{WASSA-013,
   AUTHOR = {Choi, Yoonjung and Deng, Lingjia and Wiebe, Janyce},
   SORTNAME = {Choi, Yoonjung and Deng, Lingjia and Wiebe, Janyce},
   TITLE = {Lexical Acquisition for Opinion Inference: A Sense-Level Lexicon of Benefactive and Malefactive Events}}
@INPROCEEDINGS{WASSA-015,
   AUTHOR = {Jadhav, Nikhilkumar and Bhattacharyya, Pushpak},
   SORTNAME = {Jadhav, Nikhilkumar and Bhattacharyya, Pushpak},
   TITLE = {Dive deeper: Deep Semantics for Sentiment Analysis}}
@INPROCEEDINGS{WASSA-016,
   AUTHOR = {Hammer, Hugo Lewi and Solberg, Per Erik and Øvrelid, Lilja},
   SORTNAME = {Hammer, Hugo Lewi and Solberg, Per Erik and Øvrelid, Lilja},
   TITLE = {Sentiment classification of online political discussions: a comparison of a word-based and dependency-based method}}
@INPROCEEDINGS{WASSA-018,
   AUTHOR = {Mishra, Abhijit and Joshi, Aditya and Bhattacharyya, Pushpak},
   SORTNAME = {Mishra, Abhijit and Joshi, Aditya and Bhattacharyya, Pushpak},
   TITLE = {A cognitive study of subjectivity extraction in sentiment annotation}}
@INPROCEEDINGS{WASSA-019,
   AUTHOR = {Deng, Lingjia and Wiebe, Janyce},
   SORTNAME = {Deng, Lingjia and Wiebe, Janyce},
   TITLE = {An Investigation for Implicatures in Chinese : Implicatures in Chinese and in English are similar !}}
@INPROCEEDINGS{WASSA-002,
   AUTHOR = {Nguyen, Dai Quoc and Nguyen, Dat Quoc and Vu, Thanh and Pham, Son Bao},
   SORTNAME = {Nguyen, Dai Quoc and Nguyen, Dat Quoc and Vu, Thanh and Pham, Son Bao},
   TITLE = {Sentiment Classification on Polarity Reviews: An Empirical Study Using Rating-based Features}}
@INPROCEEDINGS{WASSA-021,
   AUTHOR = {Gasanova, Tatiana and Sergienko, Roman and Akhmedova, Shakhnaz and Semenkin, Eugene and Minker, Wolfgang},
   SORTNAME = {Gasanova, Tatiana and Sergienko, Roman and Akhmedova, Shakhnaz and Semenkin, Eugene and Minker, Wolfgang},
   TITLE = {Opinion Mining and Topic Categorization with Novel Term Weighting}}
@INPROCEEDINGS{WASSA-024,
   AUTHOR = {Mao, Wanting and Xiao, Lu and Mercer, Robert},
   SORTNAME = {Mao, Wanting and Xiao, Lu and Mercer, Robert},
   TITLE = {The Use of Text Similarity and Sentiment Analysis to Examine Rationales in the Large-Scale Online Deliberations}}
@INPROCEEDINGS{WASSA-028,
   AUTHOR = {Mohammad, Saif and Zhu, Xiaodan and Martin, Joel},
   SORTNAME = {Mohammad, Saif and Zhu, Xiaodan and Martin, Joel},
   TITLE = {Semantic Role Labeling of Emotions in Tweets}}
@INPROCEEDINGS{WASSA-029,
   AUTHOR = {Klenner, Manfred and Amsler, Michael and Hollenstein, Nora},
   SORTNAME = {Klenner, Manfred and Amsler, Michael and Hollenstein, Nora},
   TITLE = {Inducing Domain-specific Noun Polarity Guided by Domain-independent Polarity Preferences of Adjectives}}
@INPROCEEDINGS{WASSA-003,
   AUTHOR = {Ptaszynski, Michal and Masui, Fumito and Rzepka, Rafal and Araki, Kenji},
   SORTNAME = {Ptaszynski, Michal and Masui, Fumito and Rzepka, Rafal and Araki, Kenji},
   TITLE = {Emotive or Non-emotive: That is The Question}}
@INPROCEEDINGS{WASSA-030,
   AUTHOR = {Wiebe, Janyce and Deng, Lingjia},
   SORTNAME = {Wiebe, Janyce and Deng, Lingjia},
   TITLE = {A Conceptual Framework for Inferring Implicatures}}
@INPROCEEDINGS{WASSA-032,
   AUTHOR = {Steinberger, Josef and Brychcín, Tomáš and Konkol, Michal},
   SORTNAME = {Steinberger, Josef and Brychcin, Tomas and Konkol, Michal},
   TITLE = {Aspect-Level Sentiment Analysis in Czech}}
@INPROCEEDINGS{WASSA-035,
   AUTHOR = {Wang, Lu and Cardie, Claire},
   SORTNAME = {Wang, Lu and Cardie, Claire},
   TITLE = {Improving Agreement and Disagreement Identification in Online Discussions with A Socially-Tuned Sentiment Lexicon}}
@INPROCEEDINGS{WASSA-036,
   AUTHOR = {Barbieri, Francesco and Saggion, Horacio and Ronzano, Francesco},
   SORTNAME = {Barbieri, Francesco and Saggion, Horacio and Ronzano, Francesco},
   TITLE = {Modelling Sarcasm in Twitter, a Novel Approach}}
@INPROCEEDINGS{WASSA-038,
   AUTHOR = {Kazemian, Siavash and Zhao, Shunan and Penn, Gerald},
   SORTNAME = {Kazemian, Siavash and Zhao, Shunan and Penn, Gerald},
   TITLE = {Evaluating Sentiment Analysis Evaluation: A Case Study in Securities Trading}}
@INPROCEEDINGS{WASSA-039,
   AUTHOR = {Elming, Jakob and Plank, Barbara and Hovy, Dirk},
   SORTNAME = {Elming, Jakob and Plank, Barbara and Hovy, Dirk},
   TITLE = {Robust Cross-Domain Sentiment Analysis for Low-Resource Languages}}
@INPROCEEDINGS{WASSA-004,
   AUTHOR = {Kim, Yoon and Zhang, Owen},
   SORTNAME = {Kim, Yoon and Zhang, Owen},
   TITLE = {Credibility Adjusted Term Frequency: A Supervised Term Weighting Scheme for Sentiment Analysis and Text Classification}}
@INPROCEEDINGS{WASSA-041,
   AUTHOR = {Mohammad, Saif},
   SORTNAME = {Mohammad, Saif},
   TITLE = {Words: Evaluative, Emotional, Colourful, Musical!}}
@INPROCEEDINGS{WASSA-042,
   AUTHOR = {Ott, Myle},
   SORTNAME = {Ott, Myle},
   TITLE = {Linguistic Models of Deceptive Opinion Spam}}
@INPROCEEDINGS{WASSA-043,
   AUTHOR = {Balahur, Alexandra and Tanev, Hristo and van der Goot, Erik},
   SORTNAME = {Balahur, Alexandra and Tanev, Hristo and van der Goot, Erik},
   TITLE = {Challenges in Creating a Multilingual Sentiment Analysis Application for Social Media Mining}}
@INPROCEEDINGS{WASSA-005,
   AUTHOR = {Buschmeier, Konstantin and Cimiano, Philipp and Klinger, Roman},
   SORTNAME = {Buschmeier, Konstantin and Cimiano, Philipp and Klinger, Roman},
   TITLE = {An Impact Analysis of Features in a Classification Approach to Irony Detection in Product Reviews}}
@INPROCEEDINGS{WASSA-007,
   AUTHOR = {Onal, Itir and Ertugrul, Ali Mert and Cakici, Ruken},
   SORTNAME = {Onal, Itir and Ertugrul, Ali Mert and Cakici, Ruken},
   TITLE = {Effect of Using Regression on Class Confidence Scores in Sentiment Analysis of Twitter Data}}
@INPROCEEDINGS{WASSA-008,
   AUTHOR = {Chetviorkin, Ilia and Loukachevitch, Natalia},
   SORTNAME = {Chetviorkin, Ilia and Loukachevitch, Natalia},
   TITLE = {Two-Step Model for Sentiment Lexicon Extraction from Twitter Streams}}
