@INPROCEEDINGS{shortpapers-001,
   AUTHOR = {Muralidharan, Aditi and Hearst, Marti},
   SORTNAME = {Muralidharan, Aditi and Hearst, Marti},
   TITLE = {Improving the Recognizability of Syntactic Relations Using Contextualized Examples}}
@INPROCEEDINGS{shortpapers-112,
   AUTHOR = {Kulick, Seth and Bies, Ann and Mott, Justin and Kroch, Anthony and Santorini, Beatrice and Liberman, Mark},
   SORTNAME = {Kulick, Seth and Bies, Ann and Mott, Justin and Kroch, Anthony and Santorini, Beatrice and Liberman, Mark},
   TITLE = {Parser Evaluation Using Derivation Trees: A Complement to evalb}}
@INPROCEEDINGS{shortpapers-115,
   AUTHOR = {Silfverberg, Miikka and Ruokolainen, Teemu and Lindén, Krister and Kurimo, Mikko},
   SORTNAME = {Silfverberg, Miikka and Ruokolainen, Teemu and Linden, Krister and Kurimo, Mikko},
   TITLE = {Part-of-Speech Tagging using Conditional Random Fields: Exploiting Sub-Label Dependencies for Improved Accuracy}}
@INPROCEEDINGS{shortpapers-116,
   AUTHOR = {Lin, Chen and Miller, Timothy and Kho, Alvin and Bethard, Steven and Dligach, Dmitriy and Pradhan, Sameer and Savova, Guergana},
   SORTNAME = {Lin, Chen and Miller, Timothy and Kho, Alvin and Bethard, Steven and Dligach, Dmitriy and Pradhan, Sameer and Savova, Guergana},
   TITLE = {Descending-Path Convolution Kernel for Syntactic Structures}}
@INPROCEEDINGS{shortpapers-117,
   AUTHOR = {Fourtassi, Abdellah and Schatz, Thomas and Varadarajan, Balakrishnan and Dupoux, Emmanuel},
   SORTNAME = {Fourtassi, Abdellah and Schatz, Thomas and Varadarajan, Balakrishnan and Dupoux, Emmanuel},
   TITLE = {Exploring the Relative Role of Bottom-up and Top-down Information in Phoneme Learning}}
@INPROCEEDINGS{shortpapers-119,
   AUTHOR = {Beigman Klebanov, Beata and Madnani, Nitin and Burstein, Jill and Somasundaran, Swapna},
   SORTNAME = {Beigman Klebanov, Beata and Madnani, Nitin and Burstein, Jill and Somasundaran, Swapna},
   TITLE = {Content Importance Models for Scoring Writing From Sources}}
@INPROCEEDINGS{shortpapers-121,
   AUTHOR = {Tan, Chenhao and Lee, Lillian},
   SORTNAME = {Tan, Chenhao and Lee, Lillian},
   TITLE = {A Corpus of Sentence-level Revisions in Academic Writing: A Step towards Understanding Statement Strength in Communication}}
@INPROCEEDINGS{shortpapers-125,
   AUTHOR = {Zhang, Hao and McDonald, Ryan},
   SORTNAME = {Zhang, Hao and McDonald, Ryan},
   TITLE = {Enforcing Structural Diversity in Cube-pruned Dependency Parsing}}
@INPROCEEDINGS{shortpapers-128,
   AUTHOR = {Chrupała, Grzegorz},
   SORTNAME = {Chrupała, Grzegorz},
   TITLE = {Normalizing tweets with edit scripts and recurrent neural embeddings}}
@INPROCEEDINGS{shortpapers-134,
   AUTHOR = {Roark, Brian and Sproat, Richard},
   SORTNAME = {Roark, Brian and Sproat, Richard},
   TITLE = {Hippocratic Abbreviation Expansion}}
@INPROCEEDINGS{shortpapers-136,
   AUTHOR = {Lam, Khang Nhut and Al Tarouti, Feras and Kalita, Jugal},
   SORTNAME = {Lam, Khang Nhut and Al Tarouti, Feras and Kalita, Jugal},
   TITLE = {Automatically constructing Wordnet Synsets}}
@INPROCEEDINGS{shortpapers-142,
   AUTHOR = {Dunn, Jonathan},
   SORTNAME = {Dunn, Jonathan},
   TITLE = {Measuring metaphoricity}}
@INPROCEEDINGS{shortpapers-146,
   AUTHOR = {Perek, Florent},
   SORTNAME = {Perek, Florent},
   TITLE = {Vector spaces for historical linguistics: Using distributional semantics to study syntactic productivity in diachrony}}
@INPROCEEDINGS{shortpapers-152,
   AUTHOR = {Wang, Yu-Chun and Wu, Chun-Kai and Tsai, Richard Tzong-Han},
   SORTNAME = {Wang, Yu-Chun and Wu, Chun-Kai and Tsai, Richard Tzong-Han},
   TITLE = {Cross-language and Cross-encyclopedia Article Linking Using Mixed-language Topic Model and Hypernym Translation}}
@INPROCEEDINGS{shortpapers-155,
   AUTHOR = {Xiao, Tong and Zhu, Jingbo and Zhang, Chunliang},
   SORTNAME = {Xiao, Tong and Zhu, Jingbo and Zhang, Chunliang},
   TITLE = {A Hybrid Approach to Skeleton-based Translation}}
@INPROCEEDINGS{shortpapers-157,
   AUTHOR = {Suzuki, Yoshimi and Fukumoto, Fumiyo},
   SORTNAME = {Suzuki, Yoshimi and Fukumoto, Fumiyo},
   TITLE = {Detection of Topic and its Extrinsic Evaluation Through Multi-Document Summarization}}
@INPROCEEDINGS{shortpapers-159,
   AUTHOR = {Peng, Nanyun and Wang, Yiming and Dredze, Mark},
   SORTNAME = {Peng, Nanyun and Wang, Yiming and Dredze, Mark},
   TITLE = {Learning Polylingual Topic Models from Code-Switched Social Media Documents}}
@INPROCEEDINGS{shortpapers-173,
   AUTHOR = {Shen, Mo and Liu, Hongxiao and Kawahara, Daisuke and Kurohashi, Sadao},
   SORTNAME = {Shen, Mo and Liu, Hongxiao and Kawahara, Daisuke and Kurohashi, Sadao},
   TITLE = {Chinese Morphological Analysis with Character-level POS Tagging}}
@INPROCEEDINGS{shortpapers-180,
   AUTHOR = {Bengoetxea, Kepa and Agirre, Eneko and Nivre, Joakim and Zhang, Yue and Gojenola, Koldo},
   SORTNAME = {Bengoetxea, Kepa and Agirre, Eneko and Nivre, Joakim and Zhang, Yue and Gojenola, Koldo},
   TITLE = {On WordNet Semantic Classes and Dependency Parsing}}
@INPROCEEDINGS{shortpapers-189,
   AUTHOR = {Salway, Andrew and Touileb, Samia},
   SORTNAME = {Salway, Andrew and Touileb, Samia},
   TITLE = {Applying Grammar Induction to Text Mining}}
@INPROCEEDINGS{shortpapers-190,
   AUTHOR = {Özbal, Gözde and Pighin, Daniele and Strapparava, Carlo},
   SORTNAME = {Ozbal, Gozde and Pighin, Daniele and Strapparava, Carlo},
   TITLE = {Automation and Evaluation of the Keyword Method for Second Language Learning}}
@INPROCEEDINGS{shortpapers-191,
   AUTHOR = {Oda, Yusuke and Neubig, Graham and Sakti, Sakriani and Toda, Tomoki and Nakamura, Satoshi},
   SORTNAME = {Oda, Yusuke and Neubig, Graham and Sakti, Sakriani and Toda, Tomoki and Nakamura, Satoshi},
   TITLE = {Optimizing Segmentation Strategies for Simultaneous Speech Translation}}
@INPROCEEDINGS{shortpapers-195,
   AUTHOR = {Hachey, Ben and Nothman, Joel and Radford, Will},
   SORTNAME = {Hachey, Ben and Nothman, Joel and Radford, Will},
   TITLE = {Cheap and easy entity evaluation}}
@INPROCEEDINGS{shortpapers-198,
   AUTHOR = {Lee, Taesung and Hwang, Seung-won},
   SORTNAME = {Lee, Taesung and Hwang, Seung-won},
   TITLE = {Understanding Relation Temporality of Entities}}
@INPROCEEDINGS{shortpapers-202,
   AUTHOR = {Zhai, Feifei and Zhang, Jiajun and Zhou, Yu and Zong, Chengqing},
   SORTNAME = {Zhai, Feifei and Zhang, Jiajun and Zhou, Yu and Zong, Chengqing},
   TITLE = {RNN-based Derivation Structure Prediction for SMT}}
@INPROCEEDINGS{shortpapers-206,
   AUTHOR = {Joshi, Aditya and Mishra, Abhijit and Senthamilselvan, Nivvedan and Bhattacharyya, Pushpak},
   SORTNAME = {Joshi, Aditya and Mishra, Abhijit and Senthamilselvan, Nivvedan and Bhattacharyya, Pushpak},
   TITLE = {Measuring Sentiment Annotation Complexity of Text}}
@INPROCEEDINGS{shortpapers-208,
   AUTHOR = {Neubig, Graham and Duh, Kevin},
   SORTNAME = {Neubig, Graham and Duh, Kevin},
   TITLE = {On the Elements of an Accurate Tree-to-String Machine Translation System}}
@INPROCEEDINGS{shortpapers-209,
   AUTHOR = {Xue, Huichao and Hwa, Rebecca},
   SORTNAME = {Xue, Huichao and Hwa, Rebecca},
   TITLE = {Improved Correction Detection in Revised ESL Sentences}}
@INPROCEEDINGS{shortpapers-213,
   AUTHOR = {Zhu, Zhu and Li, Shoushan and Zhou, Guodong and Xia, Rui},
   SORTNAME = {Zhu, Zhu and Li, Shoushan and Zhou, Guodong and Xia, Rui},
   TITLE = {Bilingual Event Extraction: a Case Study on Trigger Type Determination}}
@INPROCEEDINGS{shortpapers-214,
   AUTHOR = {Daxenberger, Johannes and Gurevych, Iryna},
   SORTNAME = {Daxenberger, Johannes and Gurevych, Iryna},
   TITLE = {Automatically Detecting Corresponding Edit-Turn-Pairs in Wikipedia}}
@INPROCEEDINGS{shortpapers-217,
   AUTHOR = {Huang, Yu-Yang and Yan, Rui and Kuo, Tsung-Ting and Lin, Shou-De},
   SORTNAME = {Huang, Yu-Yang and Yan, Rui and Kuo, Tsung-Ting and Lin, Shou-De},
   TITLE = {Enriching Cold Start Personalized Language Model Using Social Network Information}}
@INPROCEEDINGS{shortpapers-227,
   AUTHOR = {Cassidy, Taylor and McDowell, Bill and Chambers, Nathanael and Bethard, Steven},
   SORTNAME = {Cassidy, Taylor and McDowell, Bill and Chambers, Nathanael and Bethard, Steven},
   TITLE = {An Annotation Framework for Dense Event Ordering}}
@INPROCEEDINGS{shortpapers-229,
   AUTHOR = {Kim, Seokhwan and Banchs, Rafael E. and Li, Haizhou},
   SORTNAME = {Kim, Seokhwan and Banchs, Rafael E. and Li, Haizhou},
   TITLE = {A Composite Kernel Approach for Dialog Topic Tracking with Structured Domain Knowledge from Wikipedia}}
@INPROCEEDINGS{shortpapers-230,
   AUTHOR = {Schamoni, Shigehiko and Hieber, Felix and Sokolov, Artem and Riezler, Stefan},
   SORTNAME = {Schamoni, Shigehiko and Hieber, Felix and Sokolov, Artem and Riezler, Stefan},
   TITLE = {Learning Translational and Knowledge-based Similarities from Relevance Rankings for Cross-Language Retrieval}}
@INPROCEEDINGS{shortpapers-244,
   AUTHOR = {Köhn, Arne and Menzel, Wolfgang},
   SORTNAME = {Kohn, Arne and Menzel, Wolfgang},
   TITLE = {Incremental Predictive Parsing with TurboParser}}
@INPROCEEDINGS{shortpapers-246,
   AUTHOR = {Kartsaklis, Dimitri and Kalchbrenner, Nal and Sadrzadeh, Mehrnoosh},
   SORTNAME = {Kartsaklis, Dimitri and Kalchbrenner, Nal and Sadrzadeh, Mehrnoosh},
   TITLE = {Resolving Lexical Ambiguity in Tensor Regression Models of Meaning}}
@INPROCEEDINGS{shortpapers-248,
   AUTHOR = {Wang, Ting-Xuan and Tsai, Kun-Yu and Lu, Wen-Hsiang},
   SORTNAME = {Wang, Ting-Xuan and Tsai, Kun-Yu and Lu, Wen-Hsiang},
   TITLE = {Identifying Real-Life Complex Task Names with Task-Intrinsic Entities from Microblogs}}
@INPROCEEDINGS{shortpapers-264,
   AUTHOR = {Gubanov, Sergey and Galinskaya, Irina and Baytin, Alexey},
   SORTNAME = {Gubanov, Sergey and Galinskaya, Irina and Baytin, Alexey},
   TITLE = {Improved Iterative Correction for Distant Spelling Errors}}
@INPROCEEDINGS{shortpapers-265,
   AUTHOR = {Hingmire, Swapnil and Chakraborti, Sutanu},
   SORTNAME = {Hingmire, Swapnil and Chakraborti, Sutanu},
   TITLE = {Sprinkling Topics for Weakly Supervised Text Classification}}
@INPROCEEDINGS{shortpapers-269,
   AUTHOR = {Sirts, Kairit and Eisenstein, Jacob and Elsner, Micha and Goldwater, Sharon},
   SORTNAME = {Sirts, Kairit and Eisenstein, Jacob and Elsner, Micha and Goldwater, Sharon},
   TITLE = {POS induction with distributional and morphological information using a distance-dependent Chinese restaurant process}}
@INPROCEEDINGS{shortpapers-270,
   AUTHOR = {Li, Hao and Liu, Wei and Ji, Heng},
   SORTNAME = {Li, Hao and Liu, Wei and Ji, Heng},
   TITLE = {Two-Stage Hashing for Fast Document Retrieval}}
@INPROCEEDINGS{shortpapers-276,
   AUTHOR = {Jochim, Charles and Schütze, Hinrich},
   SORTNAME = {Jochim, Charles and Schutze, Hinrich},
   TITLE = {Improving Citation Polarity Classification with Product Reviews}}
@INPROCEEDINGS{shortpapers-277,
   AUTHOR = {Yıldız, Olcay Taner and Solak, Ercan and Görgün, Onur and Ehsani, Razieh},
   SORTNAME = {Yıldız, Olcay Taner and Solak, Ercan and Gorgun, Onur and Ehsani, Razieh},
   TITLE = {Constructing a Turkish-English Parallel TreeBank}}
@INPROCEEDINGS{shortpapers-279,
   AUTHOR = {Yang, Yunlun and Deng, Zhihong and Yu, Hongliang},
   SORTNAME = {Yang, Yunlun and Deng, Zhihong and Yu, Hongliang},
   TITLE = {A Novel Content Enriching Model for Microblog Using News Corpus}}
@INPROCEEDINGS{shortpapers-280,
   AUTHOR = {Osborne, Miles and Lall, Ashwin and Van Durme, Benjamin},
   SORTNAME = {Osborne, Miles and Lall, Ashwin and Van Durme, Benjamin},
   TITLE = {Exponential Reservoir Sampling for Streaming Language Models}}
@INPROCEEDINGS{shortpapers-287,
   AUTHOR = {Pershina, Maria and Min, Bonan and Xu, Wei and Grishman, Ralph},
   SORTNAME = {Pershina, Maria and Min, Bonan and Xu, Wei and Grishman, Ralph},
   TITLE = {Infusion of Labeled Data into Distant Supervision for Relation Extraction}}
@INPROCEEDINGS{shortpapers-290,
   AUTHOR = {Hovy, Dirk and Plank, Barbara and Søgaard, Anders},
   SORTNAME = {Hovy, Dirk and Plank, Barbara and Søgaard, Anders},
   TITLE = {Experiments with crowdsourced re-annotation of a POS tagging data set}}
@INPROCEEDINGS{shortpapers-298,
   AUTHOR = {Aharoni, Roee and Koppel, Moshe and Goldberg, Yoav},
   SORTNAME = {Aharoni, Roee and Koppel, Moshe and Goldberg, Yoav},
   TITLE = {Automatic Detection of Machine Translated Text and Translation Quality Estimation}}
@INPROCEEDINGS{shortpapers-030,
   AUTHOR = {Cai, Jingsheng and Utiyama, Masao and Sumita, Eiichiro and Zhang, Yujie},
   SORTNAME = {Cai, Jingsheng and Utiyama, Masao and Sumita, Eiichiro and Zhang, Yujie},
   TITLE = {Dependency-based Pre-ordering for Chinese-English Machine Translation}}
@INPROCEEDINGS{shortpapers-303,
   AUTHOR = {Bamman, David and Dyer, Chris and Smith, Noah A.},
   SORTNAME = {Bamman, David and Dyer, Chris and Smith, Noah A.},
   TITLE = {Distributed Representations of Geographically Situated Language}}
@INPROCEEDINGS{shortpapers-306,
   AUTHOR = {Louis, Annie},
   SORTNAME = {Louis, Annie},
   TITLE = {A Bayesian Method to Incorporate Background Knowledge during Automatic Text Summarization}}
@INPROCEEDINGS{shortpapers-310,
   AUTHOR = {Yarmohammadi, Mahsa and Dunlop, Aaron and Roark, Brian},
   SORTNAME = {Yarmohammadi, Mahsa and Dunlop, Aaron and Roark, Brian},
   TITLE = {Transforming trees into hedges and parsing with "hedgebank" grammars}}
@INPROCEEDINGS{shortpapers-315,
   AUTHOR = {Li, Si and Xue, Nianwen},
   SORTNAME = {Li, Si and Xue, Nianwen},
   TITLE = {Effective Document-Level Features for Chinese Patent Word Segmentation}}
@INPROCEEDINGS{shortpapers-319,
   AUTHOR = {Plank, Barbara and Hovy, Dirk and Søgaard, Anders},
   SORTNAME = {Plank, Barbara and Hovy, Dirk and Søgaard, Anders},
   TITLE = {Linguistically debatable or just plain wrong?}}
@INPROCEEDINGS{shortpapers-032,
   AUTHOR = {Staiano, Jacopo and Guerini, Marco},
   SORTNAME = {Staiano, Jacopo and Guerini, Marco},
   TITLE = {Depeche Mood: a Lexicon for Emotion Analysis from Crowd Annotated News}}
@INPROCEEDINGS{shortpapers-320,
   AUTHOR = {Heilman, Michael and Cahill, Aoife and Madnani, Nitin and Lopez, Melissa and Mulholland, Matthew and Tetreault, Joel},
   SORTNAME = {Heilman, Michael and Cahill, Aoife and Madnani, Nitin and Lopez, Melissa and Mulholland, Matthew and Tetreault, Joel},
   TITLE = {Predicting Grammaticality on an Ordinal Scale}}
@INPROCEEDINGS{shortpapers-321,
   AUTHOR = {Farra, Noura and Tomeh, Nadi and Rozovskaya, Alla and Habash, Nizar},
   SORTNAME = {Farra, Noura and Tomeh, Nadi and Rozovskaya, Alla and Habash, Nizar},
   TITLE = {Generalized Character-Level Spelling Error Correction}}
@INPROCEEDINGS{shortpapers-325,
   AUTHOR = {Fine, Alex B. and Frank, Austin F. and Jaeger, T. Florian and Van Durme, Benjamin},
   SORTNAME = {Fine, Alex B. and Frank, Austin F. and Jaeger, T. Florian and Van Durme, Benjamin},
   TITLE = {Biases in Predicting the Human Language Model}}
@INPROCEEDINGS{shortpapers-327,
   AUTHOR = {Salloum, Wael and Elfardy, Heba and Alamir-Salloum, Linda and Habash, Nizar and Diab, Mona},
   SORTNAME = {Salloum, Wael and Elfardy, Heba and Alamir-Salloum, Linda and Habash, Nizar and Diab, Mona},
   TITLE = {Sentence Level Dialect Identification for Machine Translation System Selection}}
@INPROCEEDINGS{shortpapers-328,
   AUTHOR = {Kozhevnikov, Mikhail and Titov, Ivan},
   SORTNAME = {Kozhevnikov, Mikhail and Titov, Ivan},
   TITLE = {Cross-lingual Model Transfer Using Feature Representation Projection}}
@INPROCEEDINGS{shortpapers-336,
   AUTHOR = {Kazemi, Mohammad and Lavaee, Rahman and Naim, Iftekhar and Gildea, Daniel},
   SORTNAME = {Kazemi, Mohammad and Lavaee, Rahman and Naim, Iftekhar and Gildea, Daniel},
   TITLE = {Sliding Alignment Windows for Real-Time Crowd Captioning}}
@INPROCEEDINGS{shortpapers-337,
   AUTHOR = {Horn, Colby and Manduca, Cathryn and Kauchak, David},
   SORTNAME = {Horn, Colby and Manduca, Cathryn and Kauchak, David},
   TITLE = {Learning a Lexical Simplifier Using Wikipedia}}
@INPROCEEDINGS{shortpapers-343,
   AUTHOR = {Gelling, Douwe and Cohn, Trevor},
   SORTNAME = {Gelling, Douwe and Cohn, Trevor},
   TITLE = {Simple extensions and POS Tags for a reparameterised IBM Model 2}}
@INPROCEEDINGS{shortpapers-344,
   AUTHOR = {Cano Basave, Amparo Elizabeth and He, Yulan and Xu, Ruifeng},
   SORTNAME = {Cano Basave, Amparo Elizabeth and He, Yulan and Xu, Ruifeng},
   TITLE = {Automatic Labelling of Topic Models Learned from Twitter by Summarisation}}
@INPROCEEDINGS{shortpapers-351,
   AUTHOR = {Monroe, Will and Green, Spence and Manning, Christopher D.},
   SORTNAME = {Monroe, Will and Green, Spence and Manning, Christopher D.},
   TITLE = {Word Segmentation of Informal Arabic with Domain Adaptation}}
@INPROCEEDINGS{shortpapers-352,
   AUTHOR = {Stern, Asher and Dagan, Ido},
   SORTNAME = {Stern, Asher and Dagan, Ido},
   TITLE = {Recognizing Implied Predicate-Argument Relationships in Textual Inference}}
@INPROCEEDINGS{shortpapers-353,
   AUTHOR = {Nicolai, Garrett and Kondrak, Grzegorz},
   SORTNAME = {Nicolai, Garrett and Kondrak, Grzegorz},
   TITLE = {Does the Phonology of L1 Show Up in L2 Texts?}}
@INPROCEEDINGS{shortpapers-354,
   AUTHOR = {Kiela, Douwe and Hill, Felix and Korhonen, Anna and Clark, Stephen},
   SORTNAME = {Kiela, Douwe and Hill, Felix and Korhonen, Anna and Clark, Stephen},
   TITLE = {Improving Multi-Modal Representations Using Image Dispersion: Why Less is Sometimes More}}
@INPROCEEDINGS{shortpapers-357,
   AUTHOR = {Hovy, Dirk},
   SORTNAME = {Hovy, Dirk},
   TITLE = {How Well can We Learn Interpretable Entity Types from Text?}}
@INPROCEEDINGS{shortpapers-359,
   AUTHOR = {Koehn, Philipp and Tsoukala, Chara and Saint-Amand, Herve},
   SORTNAME = {Koehn, Philipp and Tsoukala, Chara and Saint-Amand, Herve},
   TITLE = {Refinements to Interactive Translation Prediction Based on Search Graphs}}
@INPROCEEDINGS{shortpapers-364,
   AUTHOR = {Mason, Rebecca and Charniak, Eugene},
   SORTNAME = {Mason, Rebecca and Charniak, Eugene},
   TITLE = {Nonparametric Method for Data-driven Image Captioning}}
@INPROCEEDINGS{shortpapers-374,
   AUTHOR = {Hill, Felix and Korhonen, Anna},
   SORTNAME = {Hill, Felix and Korhonen, Anna},
   TITLE = {Concreteness and Subjectivity as Dimensions of Lexical Meaning}}
@INPROCEEDINGS{shortpapers-388,
   AUTHOR = {Ramanath, Rohan and Liu, Fei and Sadeh, Norman and Smith, Noah A.},
   SORTNAME = {Ramanath, Rohan and Liu, Fei and Sadeh, Norman and Smith, Noah A.},
   TITLE = {Unsupervised Alignment of Privacy Policies using Hidden Markov Models}}
@INPROCEEDINGS{shortpapers-389,
   AUTHOR = {Hartshorne, Joshua K. and Bonial, Claire and Palmer, Martha},
   SORTNAME = {Hartshorne, Joshua K. and Bonial, Claire and Palmer, Martha},
   TITLE = {The VerbCorner Project: Findings from Phase 1 of crowd-sourcing a semantic decomposition of verbs}}
@INPROCEEDINGS{shortpapers-039,
   AUTHOR = {Aletras, Nikolaos and Stevenson, Mark},
   SORTNAME = {Aletras, Nikolaos and Stevenson, Mark},
   TITLE = {Labelling Topics using Unsupervised Graph-based Methods}}
@INPROCEEDINGS{shortpapers-390,
   AUTHOR = {Wang, Mengqiu and Voigt, Rob and Manning, Christopher D.},
   SORTNAME = {Wang, Mengqiu and Voigt, Rob and Manning, Christopher D.},
   TITLE = {Two Knives Cut Better Than One: Chinese Word Segmentation with Dual Decomposition}}
@INPROCEEDINGS{shortpapers-392,
   AUTHOR = {Mazidi, Karen and Nielsen, Rodney D.},
   SORTNAME = {Mazidi, Karen and Nielsen, Rodney D.},
   TITLE = {Linguistic Considerations in Automatic Question Generation}}
@INPROCEEDINGS{shortpapers-395,
   AUTHOR = {Luo, Xiaoqiang and Pradhan, Sameer and Recasens, Marta and Hovy, Eduard},
   SORTNAME = {Luo, Xiaoqiang and Pradhan, Sameer and Recasens, Marta and Hovy, Eduard},
   TITLE = {An Extension of BLANC to System Mentions}}
@INPROCEEDINGS{shortpapers-397,
   AUTHOR = {Duma, Daniel and Klein, Ewan},
   SORTNAME = {Duma, Daniel and Klein, Ewan},
   TITLE = {Citation Resolution: A method for evaluating context-based citation recommendation systems}}
@INPROCEEDINGS{shortpapers-401,
   AUTHOR = {Levy, Omer and Goldberg, Yoav},
   SORTNAME = {Levy, Omer and Goldberg, Yoav},
   TITLE = {Dependency-Based Word Embeddings}}
@INPROCEEDINGS{shortpapers-403,
   AUTHOR = {Li, Junyi Jessy and Carpuat, Marine and Nenkova, Ani},
   SORTNAME = {Li, Junyi Jessy and Carpuat, Marine and Nenkova, Ani},
   TITLE = {Assessing the Discourse Factors that Influence the Quality of Machine Translation}}
@INPROCEEDINGS{shortpapers-404,
   AUTHOR = {Auli, Michael and Gao, Jianfeng},
   SORTNAME = {Auli, Michael and Gao, Jianfeng},
   TITLE = {Decoder Integration and Expected BLEU Training for Recurrent Neural Network Language Models}}
@INPROCEEDINGS{shortpapers-405,
   AUTHOR = {Kudo, Taku and Ichikawa, Hiroshi and Kazawa, Hideto},
   SORTNAME = {Kudo, Taku and Ichikawa, Hiroshi and Kazawa, Hideto},
   TITLE = {A joint inference of deep case analysis and zero subject generation for Japanese-to-English statistical machine translation}}
@INPROCEEDINGS{shortpapers-407,
   AUTHOR = {Pradhan, Sameer and Luo, Xiaoqiang and Recasens, Marta and Hovy, Eduard and Ng, Vincent and Strube, Michael},
   SORTNAME = {Pradhan, Sameer and Luo, Xiaoqiang and Recasens, Marta and Hovy, Eduard and Ng, Vincent and Strube, Michael},
   TITLE = {Scoring Coreference Partitions of Predicted Mentions: A Reference Implementation}}
@INPROCEEDINGS{shortpapers-409,
   AUTHOR = {Yang, Yi and Eisenstein, Jacob},
   SORTNAME = {Yang, Yi and Eisenstein, Jacob},
   TITLE = {Fast Easy Unsupervised Domain Adaptation with Marginalized Structured Dropout}}
@INPROCEEDINGS{shortpapers-414,
   AUTHOR = {Levitan, Rivka and Elson, David},
   SORTNAME = {Levitan, Rivka and Elson, David},
   TITLE = {Detecting Retries of Voice Search Queries}}
@INPROCEEDINGS{shortpapers-415,
   AUTHOR = {Nuhn, Malte and Ney, Hermann},
   SORTNAME = {Nuhn, Malte and Ney, Hermann},
   TITLE = {EM Decipherment for Large Vocabularies}}
@INPROCEEDINGS{shortpapers-416,
   AUTHOR = {Friedrich, Annemarie and Palmer, Alexis},
   SORTNAME = {Friedrich, Annemarie and Palmer, Alexis},
   TITLE = {Automatic prediction of aspectual class of verbs in context}}
@INPROCEEDINGS{shortpapers-422,
   AUTHOR = {Prabhakaran, Vinodkumar and Rambow, Owen},
   SORTNAME = {Prabhakaran, Vinodkumar and Rambow, Owen},
   TITLE = {Predicting Power Relations between Participants in Written Dialog from a Single Thread}}
@INPROCEEDINGS{shortpapers-425,
   AUTHOR = {Beigman Klebanov, Beata and Beigman, Eyal},
   SORTNAME = {Beigman Klebanov, Beata and Beigman, Eyal},
   TITLE = {Difficult Cases: From Data to Learning, and Back}}
@INPROCEEDINGS{shortpapers-429,
   AUTHOR = {Ma, Ji and Zhang, Yue and Zhu, Jingbo},
   SORTNAME = {Ma, Ji and Zhang, Yue and Zhu, Jingbo},
   TITLE = {Punctuation Processing for Projective Dependency Parsing}}
@INPROCEEDINGS{shortpapers-434,
   AUTHOR = {Zhao, Kai and Huang, Liang and Mi, Haitao and Ittycheriah, Abe},
   SORTNAME = {Zhao, Kai and Huang, Liang and Mi, Haitao and Ittycheriah, Abe},
   TITLE = {Hierarchical MT Training using Max-Violation Perceptron}}
@INPROCEEDINGS{shortpapers-435,
   AUTHOR = {Yang, Min and Zhu, Dingju and Chow, Kam-Pui},
   SORTNAME = {Yang, Min and Zhu, Dingju and Chow, Kam-Pui},
   TITLE = {A Topic Model for Building Fine-grained Domain-specific Emotion Lexicon}}
@INPROCEEDINGS{shortpapers-437,
   AUTHOR = {Tibshirani, Julie and Manning, Christopher D.},
   SORTNAME = {Tibshirani, Julie and Manning, Christopher D.},
   TITLE = {Robust Logistic Regression using Shift Parameters}}
@INPROCEEDINGS{shortpapers-439,
   AUTHOR = {Soni, Sandeep and Mitra, Tanushree and Gilbert, Eric and Eisenstein, Jacob},
   SORTNAME = {Soni, Sandeep and Mitra, Tanushree and Gilbert, Eric and Eisenstein, Jacob},
   TITLE = {Modeling Factuality Judgments in Social Media Text}}
@INPROCEEDINGS{shortpapers-044,
   AUTHOR = {Yu, Mo and Dredze, Mark},
   SORTNAME = {Yu, Mo and Dredze, Mark},
   TITLE = {Improving Lexical Embeddings with Semantic Knowledge}}
@INPROCEEDINGS{shortpapers-440,
   AUTHOR = {Charton, Eric and Meurs, Marie-Jean and Jean-Louis, Ludovic and Gagnon, Michel},
   SORTNAME = {Charton, Eric and Meurs, Marie-Jean and Jean-Louis, Ludovic and Gagnon, Michel},
   TITLE = {Mutual Disambiguation for Entity Linking}}
@INPROCEEDINGS{shortpapers-444,
   AUTHOR = {Ciobanu, Alina Maria and Dinu, Liviu P.},
   SORTNAME = {Ciobanu, Alina Maria and Dinu, Liviu P.},
   TITLE = {Automatic Detection of Cognates Using Orthographic Alignment}}
@INPROCEEDINGS{shortpapers-445,
   AUTHOR = {Qian, Xian and Liu, Yang},
   SORTNAME = {Qian, Xian and Liu, Yang},
   TITLE = {Polynomial Time Joint Structural Inference for Sentence Compression}}
@INPROCEEDINGS{shortpapers-455,
   AUTHOR = {Nguyen, Thien Huu and Grishman, Ralph},
   SORTNAME = {Nguyen, Thien Huu and Grishman, Ralph},
   TITLE = {Employing Word Representations and Regularization for Domain Adaptation of Relation Extraction}}
@INPROCEEDINGS{shortpapers-456,
   AUTHOR = {Andreas, Jacob and Klein, Dan},
   SORTNAME = {Andreas, Jacob and Klein, Dan},
   TITLE = {How much do word embeddings encode about syntax?}}
@INPROCEEDINGS{shortpapers-462,
   AUTHOR = {Beller, Charley and Knowles, Rebecca and Harman, Craig and Bergsma, Shane and Mitchell, Margaret and Van Durme, Benjamin},
   SORTNAME = {Beller, Charley and Knowles, Rebecca and Harman, Craig and Bergsma, Shane and Mitchell, Margaret and Van Durme, Benjamin},
   TITLE = {I’m a Belieber: Social Roles via Self-identification and Conceptual Attributes}}
@INPROCEEDINGS{shortpapers-464,
   AUTHOR = {Qian, Tieyun and Liu, Bing and Chen, Li and Peng, Zhiyong},
   SORTNAME = {Qian, Tieyun and Liu, Bing and Chen, Li and Peng, Zhiyong},
   TITLE = {Tri-Training for Authorship Attribution with Limited Training Data}}
@INPROCEEDINGS{shortpapers-466,
   AUTHOR = {Alhelbawy, Ayman and Gaizauskas, Robert},
   SORTNAME = {Alhelbawy, Ayman and Gaizauskas, Robert},
   TITLE = {Graph Ranking for Collective Named Entity Disambiguation}}
@INPROCEEDINGS{shortpapers-475,
   AUTHOR = {Zhang, Hui and DeNero, John},
   SORTNAME = {Zhang, Hui and DeNero, John},
   TITLE = {Observational Initialization of Type-Supervised Taggers}}
@INPROCEEDINGS{shortpapers-479,
   AUTHOR = {Wang, Lu and Cardie, Claire},
   SORTNAME = {Wang, Lu and Cardie, Claire},
   TITLE = {A Piece of My Mind: A Sentiment Analysis Approach for Online Dispute Detection}}
@INPROCEEDINGS{shortpapers-480,
   AUTHOR = {Gawron, Jean  Mark},
   SORTNAME = {Gawron, Jean  Mark},
   TITLE = {Improving sparse word similarity models with asymmetric measures}}
@INPROCEEDINGS{shortpapers-485,
   AUTHOR = {Lo, Chi-kiu and Beloucif, Meriem and Saers, Markus and Wu, Dekai},
   SORTNAME = {Lo, Chi-kiu and Beloucif, Meriem and Saers, Markus and Wu, Dekai},
   TITLE = {XMEANT: Better semantic MT evaluation without reference translations}}
@INPROCEEDINGS{shortpapers-486,
   AUTHOR = {Wilson, Shomir and Oberlander, Jon},
   SORTNAME = {Wilson, Shomir and Oberlander, Jon},
   TITLE = {Determiner-Established Deixis to Communicative Artifacts in Pedagogical Text}}
@INPROCEEDINGS{shortpapers-491,
   AUTHOR = {Bansal, Mohit and Gimpel, Kevin and Livescu, Karen},
   SORTNAME = {Bansal, Mohit and Gimpel, Kevin and Livescu, Karen},
   TITLE = {Tailoring Continuous Word Representations for Dependency Parsing}}
@INPROCEEDINGS{shortpapers-492,
   AUTHOR = {Kočiský, Tomáš and Hermann, Karl Moritz and Blunsom, Phil},
   SORTNAME = {Kocisky, Tomas and Hermann, Karl Moritz and Blunsom, Phil},
   TITLE = {Learning Bilingual Word Representations by Marginalizing Alignments}}
@INPROCEEDINGS{shortpapers-493,
   AUTHOR = {Liu, Le and Hong, Yu and Liu, Hao and Wang, Xing and Yao, Jianmin},
   SORTNAME = {Liu, Le and Hong, Yu and Liu, Hao and Wang, Xing and Yao, Jianmin},
   TITLE = {Effective Selection of Translation Model Training Data}}
@INPROCEEDINGS{shortpapers-494,
   AUTHOR = {Pérez-Rosas, Verónica and Mihalcea, Rada},
   SORTNAME = {Perez-Rosas, Veronica and Mihalcea, Rada},
   TITLE = {Cross-cultural Deception Detection}}
@INPROCEEDINGS{shortpapers-050,
   AUTHOR = {Roth, Michael and Schulte im Walde, Sabine},
   SORTNAME = {Roth, Michael and Schulte im Walde, Sabine},
   TITLE = {Combining Word Patterns and Discourse Markers for Paradigmatic Relation Classification}}
@INPROCEEDINGS{shortpapers-502,
   AUTHOR = {Yih, Wen-tau and He, Xiaodong and Meek, Christopher},
   SORTNAME = {Yih, Wen-tau and He, Xiaodong and Meek, Christopher},
   TITLE = {Semantic Parsing for Single-Relation Question Answering}}
@INPROCEEDINGS{shortpapers-503,
   AUTHOR = {Shi, Xing and Knight, Kevin and Ji, Heng},
   SORTNAME = {Shi, Xing and Knight, Kevin and Ji, Heng},
   TITLE = {How to Speak a Language without Knowing It}}
@INPROCEEDINGS{shortpapers-511,
   AUTHOR = {Berg-Kirkpatrick, Taylor and Klein, Dan},
   SORTNAME = {Berg-Kirkpatrick, Taylor and Klein, Dan},
   TITLE = {Improved Typesetting Models for Historical OCR}}
@INPROCEEDINGS{shortpapers-514,
   AUTHOR = {Gui, Lin and Xu, Ruifeng and Lu, Qin and Xu, Jun and Xu, Jian and Liu, Bin and Wang, Xiaolong},
   SORTNAME = {Gui, Lin and Xu, Ruifeng and Lu, Qin and Xu, Jun and Xu, Jian and Liu, Bin and Wang, Xiaolong},
   TITLE = {Cross-lingual Opinion Analysis via Negative Transfer Detection}}
@INPROCEEDINGS{shortpapers-515,
   AUTHOR = {Heafield, Kenneth and Kayser, Michael and Manning, Christopher},
   SORTNAME = {Heafield, Kenneth and Kayser, Michael and Manning, Christopher},
   TITLE = {Faster Phrase-Based Decoding by Refining Feature State}}
@INPROCEEDINGS{shortpapers-530,
   AUTHOR = {Cotterell, Ryan and Peng, Nanyun and Eisner, Jason},
   SORTNAME = {Cotterell, Ryan and Peng, Nanyun and Eisner, Jason},
   TITLE = {Stochastic Contextual Edit Distance and Probabilistic FSTs}}
@INPROCEEDINGS{shortpapers-537,
   AUTHOR = {May, Chandler and Clemmer, Alex and Van Durme, Benjamin},
   SORTNAME = {May, Chandler and Clemmer, Alex and Van Durme, Benjamin},
   TITLE = {Particle Filter Rejuvenation and Latent Dirichlet Allocation}}
@INPROCEEDINGS{shortpapers-054,
   AUTHOR = {Gebre, Binyam Gebrekidan and Crasborn, Onno and Wittenburg, Peter and Drude, Sebastian and Heskes, Tom},
   SORTNAME = {Gebre, Binyam Gebrekidan and Crasborn, Onno and Wittenburg, Peter and Drude, Sebastian and Heskes, Tom},
   TITLE = {Unsupervised Feature Learning for Visual Sign Language Identification}}
@INPROCEEDINGS{shortpapers-549,
   AUTHOR = {Grigonyte, Gintare and Baldwin, Timothy},
   SORTNAME = {Grigonyte, Gintare and Baldwin, Timothy},
   TITLE = {Automatic Detection of Multilingual Dictionaries on the Web}}
@INPROCEEDINGS{shortpapers-552,
   AUTHOR = {Kikuchi, Yuta and Hirao, Tsutomu and Takamura, Hiroya and Okumura, Manabu and NAGATA, Masaaki},
   SORTNAME = {Kikuchi, Yuta and Hirao, Tsutomu and Takamura, Hiroya and Okumura, Manabu and NAGATA, Masaaki},
   TITLE = {Single Document Summarization based on Nested Tree Structure}}
@INPROCEEDINGS{shortpapers-056,
   AUTHOR = {Sun, Le and Han, Xianpei},
   SORTNAME = {Sun, Le and Han, Xianpei},
   TITLE = {A Feature-Enriched Tree Kernel for Relation Extraction}}
@INPROCEEDINGS{shortpapers-567,
   AUTHOR = {Liu, Changsong and She, Lanbo and Fang, Rui and Chai, Joyce Y.},
   SORTNAME = {Liu, Changsong and She, Lanbo and Fang, Rui and Chai, Joyce Y.},
   TITLE = {Probabilistic Labeling for Efficient Referential Grounding based on Collaborative Discourse}}
@INPROCEEDINGS{shortpapers-064,
   AUTHOR = {Wallace, Byron C. and Choe, Do Kook and Kertz, Laura and Charniak, Eugene},
   SORTNAME = {Wallace, Byron C. and Choe, Do Kook and Kertz, Laura and Charniak, Eugene},
   TITLE = {Humans Require Context to Infer Ironic Intent (so Computers Probably do, too)}}
@INPROCEEDINGS{shortpapers-065,
   AUTHOR = {Zhou, Deyu and Chen, Liangyu and He, Yulan},
   SORTNAME = {Zhou, Deyu and Chen, Liangyu and He, Yulan},
   TITLE = {A Simple Bayesian Modelling Approach to Event Extraction from Twitter}}
@INPROCEEDINGS{shortpapers-067,
   AUTHOR = {Wang, Tong and Hirst, Graeme},
   SORTNAME = {Wang, Tong and Hirst, Graeme},
   TITLE = {Applying a Naive Bayes Similarity Measure to Word Sense Disambiguation}}
@INPROCEEDINGS{shortpapers-069,
   AUTHOR = {Kulick, Seth and Kroch, Anthony and Santorini, Beatrice},
   SORTNAME = {Kulick, Seth and Kroch, Anthony and Santorini, Beatrice},
   TITLE = {The Penn Parsed Corpus of Modern British English: First Parsing Results and Analysis}}
@INPROCEEDINGS{shortpapers-071,
   AUTHOR = {Xiang, Bing and Zhou, Liang},
   SORTNAME = {Xiang, Bing and Zhou, Liang},
   TITLE = {Improving Twitter Sentiment Analysis with Topic-Based Mixture Modeling and Semi-Supervised Training}}
@INPROCEEDINGS{shortpapers-075,
   AUTHOR = {Zhang, Boliang and Huang, Hongzhao and Pan, Xiaoman and Ji, Heng and Knight, Kevin and Wen, Zhen and Sun, Yizhou and Han, Jiawei and Yener, Bulent},
   SORTNAME = {Zhang, Boliang and Huang, Hongzhao and Pan, Xiaoman and Ji, Heng and Knight, Kevin and Wen, Zhen and Sun, Yizhou and Han, Jiawei and Yener, Bulent},
   TITLE = {Be Appropriate and Funny: Automatic Entity Morph Encoding}}
@INPROCEEDINGS{shortpapers-076,
   AUTHOR = {Kim, Young-Bum and Chae, Heemoon and Snyder, Benjamin and Kim, Yu-Seop},
   SORTNAME = {Kim, Young-Bum and Chae, Heemoon and Snyder, Benjamin and Kim, Yu-Seop},
   TITLE = {Training a Korean SRL System with Rich Morphological Features}}
@INPROCEEDINGS{shortpapers-079,
   AUTHOR = {Han, Xianpei and Sun, Le},
   SORTNAME = {Han, Xianpei and Sun, Le},
   TITLE = {Semantic Consistency: A Local Subspace Based Method for Distant Supervised Relation Extraction}}
@INPROCEEDINGS{shortpapers-085,
   AUTHOR = {Chen, Yanqing and Skiena, Steven},
   SORTNAME = {Chen, Yanqing and Skiena, Steven},
   TITLE = {Building Sentiment Lexicons for All Major Languages}}
@INPROCEEDINGS{shortpapers-086,
   AUTHOR = {Wang, Xiaolin and Utiyama, Masao and Finch, Andrew and Sumita, Eiichiro},
   SORTNAME = {Wang, Xiaolin and Utiyama, Masao and Finch, Andrew and Sumita, Eiichiro},
   TITLE = {Empirical Study of Unsupervised Chinese Word Segmentation Methods for SMT on Large-scale Corpora}}
@INPROCEEDINGS{shortpapers-093,
   AUTHOR = {Ben-Ami, Zvi and Feldman, Ronen and Rosenfeld, Binyamin},
   SORTNAME = {Ben-Ami, Zvi and Feldman, Ronen and Rosenfeld, Binyamin},
   TITLE = {Entities' Sentiment Relevance}}
@INPROCEEDINGS{shortpapers-096,
   AUTHOR = {Elliott, Desmond and Keller, Frank},
   SORTNAME = {Elliott, Desmond and Keller, Frank},
   TITLE = {Comparing Automatic Evaluation Measures for Image Description}}
@INPROCEEDINGS{shortpapers-098,
   AUTHOR = {Dong, Li and Wei, Furu and Tan, Chuanqi and Tang, Duyu and Zhou, Ming and Xu, Ke},
   SORTNAME = {Dong, Li and Wei, Furu and Tan, Chuanqi and Tang, Duyu and Zhou, Ming and Xu, Ke},
   TITLE = {Adaptive Recursive Neural Network for Target-dependent Twitter Sentiment Classification}}
