@INPROCEEDINGS{CogCL-007,
   AUTHOR = {Stanojević, Miloš and Stabler, Edward},
   SORTNAME = {Stanojevic, Milos and Stabler, Edward},
   TITLE = {A Sound and Complete Left-Corner Parsing for Minimalist Grammars}}
@INPROCEEDINGS{CogCL-016,
   AUTHOR = {Yung, Frances and Demberg, Vera},
   SORTNAME = {Yung, Frances and Demberg, Vera},
   TITLE = {Do Speakers Produce Discourse Connectives Rationally?}}
@INPROCEEDINGS{CogCL-010,
   AUTHOR = {Li, Jixing and Fabre, Murielle and Luh, Wen-Ming and Hale, John},
   SORTNAME = {Li, Jixing and Fabre, Murielle and Luh, Wen-Ming and Hale, John},
   TITLE = {The Role of Syntax During Pronoun Resolution: Evidence from fMRI}}
@INPROCEEDINGS{CogCL-008,
   AUTHOR = {Calvillo, Jesús and Crocker, Matthew},
   SORTNAME = {Calvillo, Jesus and Crocker, Matthew},
   TITLE = {Language Production Dynamics with Recurrent Neural Networks}}
@INPROCEEDINGS{CogCL-015,
   AUTHOR = {Kluth, Thomas and Schultheis, Holger},
   SORTNAME = {Kluth, Thomas and Schultheis, Holger},
   TITLE = {Rating Distributions and Bayesian Inference: Enhancing Cognitive Models of Spatial Language Use}}
@INPROCEEDINGS{CogCL-003,
   AUTHOR = {Zhu, Pengcheng and Yang, Yujiu and Gao, Wenqiang and Liu, Yi},
   SORTNAME = {Zhu, Pengcheng and Yang, Yujiu and Gao, Wenqiang and Liu, Yi},
   TITLE = {Multi-glance Reading Model for Text Understanding}}
@INPROCEEDINGS{CogCL-012,
   AUTHOR = {António Rodrigues, João and Branco, Ruben and Silva, João and Saedi, Chakaveh and Branco, António},
   SORTNAME = {Antonio Rodrigues, Joao and Branco, Ruben and Silva, Joao and Saedi, Chakaveh and Branco, Antonio},
   TITLE = {Predicting Brain Activation with WordNet Embeddings}}
@INPROCEEDINGS{CogCL-014,
   AUTHOR = {Asahara, Masayuki and Nambu, Satoshi and Sano, Shin-Ichiro},
   SORTNAME = {Asahara, Masayuki and Nambu, Satoshi and Sano, Shin-Ichiro},
   TITLE = {Predicting Japanese Word Order in Double Object Constructions}}
@INPROCEEDINGS{CogCL-022,
   AUTHOR = {McGregor, Stephen and Lim, KyungTae},
   SORTNAME = {McGregor, Stephen and Lim, KyungTae},
   TITLE = {Affordances in Grounded Language Learning}}
