@INPROCEEDINGS{NLP4ConvAI-020,
   AUTHOR = {Ahuja, Ojas and Desai, Shrey},
   SORTNAME = {Ahuja, Ojas and Desai, Shrey},
   TITLE = {Accelerating Natural Language Understanding in Task-Oriented Dialog}}
@INPROCEEDINGS{NLP4ConvAI-011,
   AUTHOR = {Casanueva, Iñigo and Temčinas, Tadas and Gerz, Daniela and Henderson, Matthew and Vulić, Ivan},
   SORTNAME = {Casanueva, Inigo and Temcinas, Tadas and Gerz, Daniela and Henderson, Matthew and Vulic, Ivan},
   TITLE = {Efficient Intent Detection with Dual Sentence Encoders}}
@INPROCEEDINGS{NLP4ConvAI-007,
   AUTHOR = {Chen, Jingxiang and Elfardy, Heba and Wang, Simi and Kahn, Andrea and Kramer, Jared},
   SORTNAME = {Chen, Jingxiang and Elfardy, Heba and Wang, Simi and Kahn, Andrea and Kramer, Jared},
   TITLE = {Automating Template Creation for Ranking-Based Dialogue Models}}
@INPROCEEDINGS{NLP4ConvAI-006,
   AUTHOR = {Shum, Michael and Zheng, Stephan and Kryscinski, Wojciech and Xiong, Caiming and Socher, Richard},
   SORTNAME = {Shum, Michael and Zheng, Stephan and Kryscinski, Wojciech and Xiong, Caiming and Socher, Richard},
   TITLE = {Sketch-Fill-A-R: A Persona-Grounded Chit-Chat Generation Framework}}
@INPROCEEDINGS{NLP4ConvAI-001,
   AUTHOR = {Pouran Ben Veyseh, Amir and Dernoncourt, Franck and Nguyen, Thien Huu},
   SORTNAME = {Pouran Ben Veyseh, Amir and Dernoncourt, Franck and Nguyen, Thien Huu},
   TITLE = {Improving Slot Filling by Utilizing Contextual Information}}
@INPROCEEDINGS{NLP4ConvAI-019,
   AUTHOR = {Oluwatobi, Olabiyi and Mueller, Erik},
   SORTNAME = {Oluwatobi, Olabiyi and Mueller, Erik},
   TITLE = {DLGNet: A Transformer-based Model for Dialogue Response Generation}}
@INPROCEEDINGS{NLP4ConvAI-008,
   AUTHOR = {Varada, Venkat and Peris, Charith and Park, Yangsook and Dipersio, Christopher},
   SORTNAME = {Varada, Venkat and Peris, Charith and Park, Yangsook and Dipersio, Christopher},
   TITLE = {Using Alternate Representations of Text for Natural Language Understanding}}
@INPROCEEDINGS{NLP4ConvAI-021,
   AUTHOR = {Krone, Jason and Zhang, Yi and Diab, Mona},
   SORTNAME = {Krone, Jason and Zhang, Yi and Diab, Mona},
   TITLE = {Learning to Classify Intents and Slot Labels Given a Handful of Examples}}
@INPROCEEDINGS{NLP4ConvAI-024,
   AUTHOR = {Varanasi, Stalin and Amin, Saadullah and Neumann, Guenter},
   SORTNAME = {Varanasi, Stalin and Amin, Saadullah and Neumann, Guenter},
   TITLE = {CopyBERT: A Unified Approach to Question Generation with Self-Attention}}
@INPROCEEDINGS{NLP4ConvAI-023,
   AUTHOR = {Wang, Longshaokan and Fazel-Zarandi, Maryam and Tiwari, Aditya and Matsoukas, Spyros and Polymenakos, Lazaros},
   SORTNAME = {Wang, Longshaokan and Fazel-Zarandi, Maryam and Tiwari, Aditya and Matsoukas, Spyros and Polymenakos, Lazaros},
   TITLE = {Data Augmentation for Training Dialog Models Robust to Speech Recognition Errors}}
@INPROCEEDINGS{NLP4ConvAI-012,
   AUTHOR = {Gao, Shuyang and Agarwal, Sanchit and Jin, Di and Chung, Tagyoung and Hakkani-Tur, Dilek},
   SORTNAME = {Gao, Shuyang and Agarwal, Sanchit and Jin, Di and Chung, Tagyoung and Hakkani-Tur, Dilek},
   TITLE = {From Machine Reading Comprehension to Dialogue State Tracking: Bridging the Gap}}
@INPROCEEDINGS{NLP4ConvAI-002,
   AUTHOR = {Moghe, Nikita and Vijayan, Priyesh and Ravindran, Balaraman and Khapra, Mitesh M.},
   SORTNAME = {Moghe, Nikita and Vijayan, Priyesh and Ravindran, Balaraman and Khapra, Mitesh M.},
   TITLE = {On Incorporating Structural Information to improve Dialogue Response Generation}}
@INPROCEEDINGS{NLP4ConvAI-013,
   AUTHOR = {Summerville, Adam and Hashemi, Jordan and Ryan, James and ferguson, william},
   SORTNAME = {Summerville, Adam and Hashemi, Jordan and Ryan, James and ferguson, william},
   TITLE = {How to Tame Your Data: Data Augmentation for Dialog State Tracking}}
@INPROCEEDINGS{NLP4ConvAI-014,
   AUTHOR = {Saleh, Abdelrhman and Deutsch, Tovly and Casper, Stephen and Belinkov, Yonatan and Shieber, Stuart},
   SORTNAME = {Saleh, Abdelrhman and Deutsch, Tovly and Casper, Stephen and Belinkov, Yonatan and Shieber, Stuart},
   TITLE = {Probing Neural Dialog Models for Conversational Understanding}}
@INPROCEEDINGS{NLP4ConvAI-025,
   AUTHOR = {Zang, Xiaoxue and Rastogi, Abhinav and Chen, Jindong},
   SORTNAME = {Zang, Xiaoxue and Rastogi, Abhinav and Chen, Jindong},
   TITLE = {MultiWOZ 2.2 : A Dialogue Dataset with Additional Annotation Corrections and State Tracking Baselines}}
