@INPROCEEDINGS{demos-013,
   AUTHOR = {Straková, Jana and Straka, Milan and Hajič, Jan},
   SORTNAME = {Strakova, Jana and Straka, Milan and Hajic, Jan},
   TITLE = {Open-Source Tools for Morphology, Lemmatization, POS Tagging and Named Entity Recognition}}
@INPROCEEDINGS{demos-014,
   AUTHOR = {Verbeke, Mathias and Frasconi, Paolo and De Grave, Kurt and Costa, Fabrizio and De Raedt, Luc},
   SORTNAME = {Verbeke, Mathias and Frasconi, Paolo and De Grave, Kurt and Costa, Fabrizio and De Raedt, Luc},
   TITLE = {kLogNLP: Graph Kernel–based Relational Learning of Natural Language}}
@INPROCEEDINGS{demos-015,
   AUTHOR = {Yimam, Seid Muhie and Biemann, Chris and Eckart de Castilho, Richard and Gurevych, Iryna},
   SORTNAME = {Yimam, Seid Muhie and Biemann, Chris and Eckart de Castilho, Richard and Gurevych, Iryna},
   TITLE = {Automatic Annotation Suggestions and Custom Annotation Layers in WebAnno}}
@INPROCEEDINGS{demos-018,
   AUTHOR = {Faruqui, Manaal and Dyer, Chris},
   SORTNAME = {Faruqui, Manaal and Dyer, Chris},
   TITLE = {Community Evaluation and Exchange of Word Vectors at wordvectors.org}}
@INPROCEEDINGS{demos-019,
   AUTHOR = {Li, Binyang and Zhou, Lanjun and Wei, Zhongyu and Wong, Kam-fai and Xu, Ruifeng and Xia, Yunqing},
   SORTNAME = {Li, Binyang and Zhou, Lanjun and Wei, Zhongyu and Wong, Kam-fai and Xu, Ruifeng and Xia, Yunqing},
   TITLE = {Web Information Mining and Decision Support Platform for the Modern Service Industry}}
@INPROCEEDINGS{demos-020,
   AUTHOR = {Dai, Xianjun and Liu, Yuanchao and Wang, Xiaolong and Liu, Bingquan},
   SORTNAME = {Dai, Xianjun and Liu, Yuanchao and Wang, Xiaolong and Liu, Bingquan},
   TITLE = {WINGS:Writing with Intelligent Guidance and Suggestions}}
@INPROCEEDINGS{demos-022,
   AUTHOR = {Erbs, Nicolai and Santos, Pedro Bispo and Gurevych, Iryna and Zesch, Torsten},
   SORTNAME = {Erbs, Nicolai and Santos, Pedro Bispo and Gurevych, Iryna and Zesch, Torsten},
   TITLE = {DKPro Keyphrases: Flexible and Reusable Keyphrase Extraction Experiments}}
@INPROCEEDINGS{demos-023,
   AUTHOR = {Tang, Yi-jie and Chen, Hsin-Hsi},
   SORTNAME = {Tang, Yi-jie and Chen, Hsin-Hsi},
   TITLE = {FAdR: A System for Recognizing False Online Advertisements}}
@INPROCEEDINGS{demos-025,
   AUTHOR = {Vakil, Anjana and Paulus, Max and Palmer, Alexis and Regneri, Michaela},
   SORTNAME = {Vakil, Anjana and Paulus, Max and Palmer, Alexis and Regneri, Michaela},
   TITLE = {lex4all: A language-independent tool for building and evaluating pronunciation lexicons for small-vocabulary speech recognition}}
@INPROCEEDINGS{demos-028,
   AUTHOR = {Osborne, Miles and Moran, Sean and McCreadie, Richard and Von Lunen, Alexander and Sykora, Martin and Cano, Elizabeth and Ireson, Neil and Macdonald, Craig and Ounis, Iadh and He, Yulan and Jackson, Tom and Ciravegna, Fabio and O'Brien, Ann},
   SORTNAME = {Osborne, Miles and Moran, Sean and McCreadie, Richard and Von Lunen, Alexander and Sykora, Martin and Cano, Elizabeth and Ireson, Neil and Macdonald, Craig and Ounis, Iadh and He, Yulan and Jackson, Tom and Ciravegna, Fabio and O'Brien, Ann},
   TITLE = {Real-Time Detection, Tracking, and Monitoring of Automatically Discovered Events in Social Media}}
@INPROCEEDINGS{demos-029,
   AUTHOR = {Magnini, Bernardo and Zanoli, Roberto and Dagan, Ido and Eichler, Kathrin and Neumann, Guenter and Noh, Tae-Gil and Padó, Sebastian and Stern, Asher and Levy, Omer},
   SORTNAME = {Magnini, Bernardo and Zanoli, Roberto and Dagan, Ido and Eichler, Kathrin and Neumann, Guenter and Noh, Tae-Gil and Pado, Sebastian and Stern, Asher and Levy, Omer},
   TITLE = {The Excitement Open Platform for Textual Inferences}}
@INPROCEEDINGS{demos-003,
   AUTHOR = {Huang, Chung-Chi and Eskenazi, Maxine and Carbonell, Jaime and Ku, Lun-Wei and Yang, Ping-Che},
   SORTNAME = {Huang, Chung-Chi and Eskenazi, Maxine and Carbonell, Jaime and Ku, Lun-Wei and Yang, Ping-Che},
   TITLE = {Cross-Lingual Information to the Rescue in Keyword Extraction}}
@INPROCEEDINGS{demos-034,
   AUTHOR = {Ulinski, Morgan and Balakrishnan, Anusha and Coyne, Bob and Hirschberg, Julia and Rambow, Owen},
   SORTNAME = {Ulinski, Morgan and Balakrishnan, Anusha and Coyne, Bob and Hirschberg, Julia and Rambow, Owen},
   TITLE = {WELT: Using Graphics Generation in Linguistic Fieldwork}}
@INPROCEEDINGS{demos-037,
   AUTHOR = {Mann, Jason and Zhang, David and Yang, Lu and Das, Dipanjan and Petrov, Slav},
   SORTNAME = {Mann, Jason and Zhang, David and Yang, Lu and Das, Dipanjan and Petrov, Slav},
   TITLE = {Enhanced Search with Wildcards and Morphological Inflections in the Google Books Ngram Viewer}}
@INPROCEEDINGS{demos-039,
   AUTHOR = {Manning, Christopher and Surdeanu, Mihai and Bauer, John and Finkel, Jenny and Bethard, Steven and McClosky, David},
   SORTNAME = {Manning, Christopher and Surdeanu, Mihai and Bauer, John and Finkel, Jenny and Bethard, Steven and McClosky, David},
   TITLE = {The Stanford CoreNLP Natural Language Processing Toolkit}}
@INPROCEEDINGS{demos-004,
   AUTHOR = {Daxenberger, Johannes and Ferschke, Oliver and Gurevych, Iryna and Zesch, Torsten},
   SORTNAME = {Daxenberger, Johannes and Ferschke, Oliver and Gurevych, Iryna and Zesch, Torsten},
   TITLE = {DKPro TC: A Java-based Framework for Supervised Learning Experiments on Textual Data}}
@INPROCEEDINGS{demos-041,
   AUTHOR = {Mordowanec, Michael T. and Schneider, Nathan and Dyer, Chris and Smith, Noah A.},
   SORTNAME = {Mordowanec, Michael T. and Schneider, Nathan and Dyer, Chris and Smith, Noah A.},
   TITLE = {Simpliﬁed Dependency Annotations with GFL-Web}}
@INPROCEEDINGS{demos-005,
   AUTHOR = {Vannella, Daniele and Flati, Tiziano and Navigli, Roberto},
   SORTNAME = {Vannella, Daniele and Flati, Tiziano and Navigli, Roberto},
   TITLE = {WoSIT: A Word Sense Induction Toolkit for Search Result Clustering and Diversification}}
@INPROCEEDINGS{demos-006,
   AUTHOR = {Hoang, Cong Duy Vu and Aw, AiTi and T. H. Nguyen, Nhung},
   SORTNAME = {Hoang, Cong Duy Vu and Aw, AiTi and T. H. Nguyen, Nhung},
   TITLE = {A Rule-Augmented Statistical Phrase-based Translation System}}
@INPROCEEDINGS{demos-007,
   AUTHOR = {Richardson, John and Cromières, Fabien and Nakazawa, Toshiaki and Kurohashi, Sadao},
   SORTNAME = {Richardson, John and Cromieres, Fabien and Nakazawa, Toshiaki and Kurohashi, Sadao},
   TITLE = {KyotoEBMT: An Example-Based Dependency-to-Dependency Translation Framework}}
@INPROCEEDINGS{demos-009,
   AUTHOR = {Gärtner, Markus and Björkelund, Anders and Thiele, Gregor and Seeker, Wolfgang and Kuhn, Jonas},
   SORTNAME = {Gartner, Markus and Bjorkelund, Anders and Thiele, Gregor and Seeker, Wolfgang and Kuhn, Jonas},
   TITLE = {Visualization, Search, and Error Analysis for Coreference Annotations}}
