@INPROCEEDINGS{DLNLPLR-020,
   AUTHOR = {Sarma, Prathusha K and Liang, Yingyu and Sethares, Bill},
   SORTNAME = {Sarma, Prathusha K and Liang, Yingyu and Sethares, Bill},
   TITLE = {Domain Adapted Word Embeddings for Improved Sentiment Classification}}
@INPROCEEDINGS{DLNLPLR-009,
   AUTHOR = {Bollmann, Marcel and Søgaard, Anders and Bingel, Joachim},
   SORTNAME = {Bollmann, Marcel and Søgaard, Anders and Bingel, Joachim},
   TITLE = {Multi-task learning for historical text normalization: Size matters}}
@INPROCEEDINGS{DLNLPLR-011,
   AUTHOR = {Newman-Griffis, Denis and Zirikly, Ayah},
   SORTNAME = {Newman-Griffis, Denis and Zirikly, Ayah},
   TITLE = {Embedding Transfer for Low-Resource Medical Named Entity Recognition: A Case Study on Patient Mobility}}
@INPROCEEDINGS{DLNLPLR-007,
   AUTHOR = {Miceli Barone, Antonio Valerio},
   SORTNAME = {Miceli Barone, Antonio Valerio},
   TITLE = {Low-rank passthrough neural networks}}
@INPROCEEDINGS{DLNLPLR-016,
   AUTHOR = {Komiya, Kanako and Shinnou, Hiroyuki},
   SORTNAME = {Komiya, Kanako and Shinnou, Hiroyuki},
   TITLE = {Investigating Effective Parameters for Fine-tuning of Word Embeddings Using Only a Small Corpus}}
@INPROCEEDINGS{DLNLPLR-019,
   AUTHOR = {Kann, Katharina and Bjerva, Johannes and Augenstein, Isabelle and Plank, Barbara and Søgaard, Anders},
   SORTNAME = {Kann, Katharina and Bjerva, Johannes and Augenstein, Isabelle and Plank, Barbara and Søgaard, Anders},
   TITLE = {Character-level Supervision for Low-resource POS Tagging}}
@INPROCEEDINGS{DLNLPLR-021,
   AUTHOR = {Dudy, Shiran and Bedrick, Steven},
   SORTNAME = {Dudy, Shiran and Bedrick, Steven},
   TITLE = {Compositional Language Modeling for Icon-Based Augmentative and Alternative Communication}}
@INPROCEEDINGS{DLNLPLR-004,
   AUTHOR = {Ikhwantri, Fariz and Louvan, Samuel and Kurniawan, Kemal and Abisena, Bagas and Rachman, Valdi and Wicaksono, Alfan Farizki and Mahendra, Rahmad},
   SORTNAME = {Ikhwantri, Fariz and Louvan, Samuel and Kurniawan, Kemal and Abisena, Bagas and Rachman, Valdi and Wicaksono, Alfan Farizki and Mahendra, Rahmad},
   TITLE = {Multi-Task Active Learning for Neural Semantic Role Labeling on Low Resource Conversational Corpus}}
@INPROCEEDINGS{DLNLPLR-015,
   AUTHOR = {Greenberg, Clayton and Singh, Mittul and Klakow, Dietrich},
   SORTNAME = {Greenberg, Clayton and Singh, Mittul and Klakow, Dietrich},
   TITLE = {Morphological neighbors beat word2vec on the long tail}}
@INPROCEEDINGS{DLNLPLR-003,
   AUTHOR = {Liu, Mingkuan and Wen, Musen and Kopru, Selcuk and Liu, Xianjing and Lu, Alan},
   SORTNAME = {Liu, Mingkuan and Wen, Musen and Kopru, Selcuk and Liu, Xianjing and Lu, Alan},
   TITLE = {Semi-Supervised Learning with Auxiliary Evaluation Component for Large Scale e-Commerce Text Classification}}
@INPROCEEDINGS{DLNLPLR-012,
   AUTHOR = {Hedderich, Michael A. and Klakow, Dietrich},
   SORTNAME = {Hedderich, Michael A. and Klakow, Dietrich},
   TITLE = {Training a Neural Network in a Low-Resource Setting on Automatically Annotated Noisy Data}}
@INPROCEEDINGS{DLNLPLR-002,
   AUTHOR = {Dutta Chowdhury, Koel and Hasanuzzaman, Mohammed and Liu, Qun},
   SORTNAME = {Dutta Chowdhury, Koel and Hasanuzzaman, Mohammed and Liu, Qun},
   TITLE = {Multimodal Neural Machine Translation for Low-resource Language Pairs using Synthetic Data}}
@INPROCEEDINGS{DLNLPLR-013,
   AUTHOR = {Zhang, Mozhi and Fujinuma, Yoshinari and Boyd-Graber, Jordan},
   SORTNAME = {Zhang, Mozhi and Fujinuma, Yoshinari and Boyd-Graber, Jordan},
   TITLE = {Exploiting Cross-Lingual Subword Similarities in Low-Resource Document Classification}}
@INPROCEEDINGS{DLNLPLR-014,
   AUTHOR = {Lim, KyungTae and Partanen, Niko and Rießler, Michael and Poibeau, Thierry},
   SORTNAME = {Lim, KyungTae and Partanen, Niko and Rießler, Michael and Poibeau, Thierry},
   TITLE = {Dependency Parsing of Code-Switching Data with Cross-Lingual Feature Representations}}
@INPROCEEDINGS{DLNLPLR-022,
   AUTHOR = {Lample, Guillaume and Ott, Myle and Conneau, Alexis and Denoyer, Ludovic and Ranzato, Marc'Aurelio},
   SORTNAME = {Lample, Guillaume and Ott, Myle and Conneau, Alexis and Denoyer, Ludovic and Ranzato, Marc'Aurelio},
   TITLE = {Phrase-Based \& Neural Unsupervised Machine Translation}}
