@INPROCEEDINGS{FEVER-009,
   AUTHOR = {Nie, Yixin and Bauer, Lisa and Bansal, Mohit},
   SORTNAME = {Nie, Yixin and Bauer, Lisa and Bansal, Mohit},
   TITLE = {Simple Compounded-Label Training for Fact Extraction and Verification}}
@INPROCEEDINGS{FEVER-011,
   AUTHOR = {Portelli, Beatrice and Zhao, Jason and Schuster, Tal and Serra, Giuseppe and Santus, Enrico},
   SORTNAME = {Portelli, Beatrice and Zhao, Jason and Schuster, Tal and Serra, Giuseppe and Santus, Enrico},
   TITLE = {Distilling the Evidence to Augment Fact Verification Models}}
@INPROCEEDINGS{FEVER-007,
   AUTHOR = {Lee, Nayeon and Li, Belinda and Wang, Sinong and Yih, Wen-tau and Ma, Hao and Khabsa, Madian},
   SORTNAME = {Lee, Nayeon and Li, Belinda and Wang, Sinong and Yih, Wen-tau and Ma, Hao and Khabsa, Madian},
   TITLE = {Language Models as Fact Checkers?}}
@INPROCEEDINGS{FEVER-001,
   AUTHOR = {Zhou, Yang and Zhao, Tong and Jiang, Meng},
   SORTNAME = {Zhou, Yang and Zhao, Tong and Jiang, Meng},
   TITLE = {A Probabilistic Model with Commonsense Constraints for Pattern-based Temporal Fact Extraction}}
@INPROCEEDINGS{FEVER-010,
   AUTHOR = {Derczynski, Leon and Binau, Julie and Schulte, Henri},
   SORTNAME = {Derczynski, Leon and Binau, Julie and Schulte, Henri},
   TITLE = {Maintaining Quality in FEVER Annotation}}
@INPROCEEDINGS{FEVER-004,
   AUTHOR = {Chen, Tengyang and Li, Hongyu and Kasamatsu, Miho and Utsuro, Takehito and Kawada, Yasuhide},
   SORTNAME = {Chen, Tengyang and Li, Hongyu and Kasamatsu, Miho and Utsuro, Takehito and Kawada, Yasuhide},
   TITLE = {Developing a How-to Tip Machine Comprehension Dataset and its Evaluation in Machine Comprehension by BERT}}
@INPROCEEDINGS{FEVER-002,
   AUTHOR = {Khouja, Jude},
   SORTNAME = {Khouja, Jude},
   TITLE = {Stance Prediction and Claim Verification: An Arabic Perspective}}
