@INPROCEEDINGS{SLPAT2014-001,
   AUTHOR = {Reddington, Joseph},
   SORTNAME = {Reddington, Joseph},
   TITLE = {Standing on the shoulders of giants: attacking the meta-problems of technical AAC research}}
@INPROCEEDINGS{SLPAT2014-003,
   AUTHOR = {Wang, Jun and Samal, Ashok and Green, Jordan},
   SORTNAME = {Wang, Jun and Samal, Ashok and Green, Jordan},
   TITLE = {Preliminary Test of a Real-Time, Interactive Silent Speech Interface Based on Electromagnetic Articulograph}}
@INPROCEEDINGS{SLPAT2014-005,
   AUTHOR = {Aihara, Ryo and Takiguchi, Tetsuya and Ariki, Yasuo},
   SORTNAME = {Aihara, Ryo and Takiguchi, Tetsuya and Ariki, Yasuo},
   TITLE = {Individuality-preserving Voice Conversion for Articulation Disorders Using Dictionary Selective Non-negative Matrix Factorization}}
@INPROCEEDINGS{SLPAT2014-006,
   AUTHOR = {Pařilová, Tereza},
   SORTNAME = {Parilova, Tereza},
   TITLE = {Graphical Modification of Text. An Approach To Dyslexic Users.}}
@INPROCEEDINGS{SLPAT2014-007,
   AUTHOR = {Rudzicz, Frank and Wang, Rosalie and Begum, Momotaz and Mihailidis, Alex},
   SORTNAME = {Rudzicz, Frank and Wang, Rosalie and Begum, Momotaz and Mihailidis, Alex},
   TITLE = {Speech recognition in Alzheimer's disease with personal assistive robots}}
@INPROCEEDINGS{SLPAT2014-008,
   AUTHOR = {Chinaei, Hamidreza and Chaib-draa, Brahim},
   SORTNAME = {Chinaei, Hamidreza and Chaib-draa, Brahim},
   TITLE = {Dialogue Strategy Learning in Healthcare: A Systematic Approach for Learning Dialogue Models from Data}}
