@INPROCEEDINGS{BioNLP-020,
   AUTHOR = {Newman-Griffis, Denis and Zirikly, Ayah},
   SORTNAME = {Newman-Griffis, Denis and Zirikly, Ayah},
   TITLE = {Embedding Transfer for Low-Resource Medical Named Entity Recognition: A Case Study on Patient Mobility}}
@INPROCEEDINGS{BioNLP-018,
   AUTHOR = {Wang, Nan and Song, Yan and Xia, Fei},
   SORTNAME = {Wang, Nan and Song, Yan and Xia, Fei},
   TITLE = {Coding Structures and Actions with the COSTA Scheme in Medical Conversations}}
@INPROCEEDINGS{BioNLP-027,
   AUTHOR = {Saputra, Ilham Fathy and Mahendra, Rahmad and Wicaksono, Alfan Farizki},
   SORTNAME = {Saputra, Ilham Fathy and Mahendra, Rahmad and Wicaksono, Alfan Farizki},
   TITLE = {Keyphrases Extraction from User-Generated Contents in Healthcare Domain Using Long Short-Term Memory Networks}}
@INPROCEEDINGS{BioNLP-009,
   AUTHOR = {Ševa, Jurica and Wackerbauer, Martin and Leser, Ulf},
   SORTNAME = {Seva, Jurica and Wackerbauer, Martin and Leser, Ulf},
   TITLE = {Identifying Key Sentences for Precision Oncology Using Semi-Supervised Learning}}
@INPROCEEDINGS{BioNLP-011,
   AUTHOR = {Jeblee, Serena and Gomes, Mireille and Hirst, Graeme},
   SORTNAME = {Jeblee, Serena and Gomes, Mireille and Hirst, Graeme},
   TITLE = {Multi-task learning for interpretable cause of death classification using key phrase prediction}}
@INPROCEEDINGS{BioNLP-016,
   AUTHOR = {Zhou, Kaiyin and Zhang, Sheng and Meng, Xiangyu and Luo, Qi and Wang, Yuxing and Ding, Ke and Feng, Yukun and Chen, Mo and Cohen, Kevin Bretonnel and Xia, Jingbo},
   SORTNAME = {Zhou, Kaiyin and Zhang, Sheng and Meng, Xiangyu and Luo, Qi and Wang, Yuxing and Ding, Ke and Feng, Yukun and Chen, Mo and Cohen, Kevin Bretonnel and Xia, Jingbo},
   TITLE = {CRF-LSTM Text Mining Method Unveiling the Pharmacological Mechanism of Off-target Side Effect of Anti-Multiple Myeloma Drugs}}
@INPROCEEDINGS{BioNLP-006,
   AUTHOR = {Jin, Di and Szolovits, Peter},
   SORTNAME = {Jin, Di and Szolovits, Peter},
   TITLE = {PICO Element Detection in Medical Text via Long Short-Term Memory Neural Networks}}
@INPROCEEDINGS{BioNLP-028,
   AUTHOR = {Kim, Won Gyu and Yeganova, Lana and Comeau, Donald C and Wilbur, W John and Lu, Zhiyong},
   SORTNAME = {Kim, Won Gyu and Yeganova, Lana and Comeau, Donald C and Wilbur, W John and Lu, Zhiyong},
   TITLE = {MeSH-based dataset for measuring the relevance of text retrieval}}
@INPROCEEDINGS{BioNLP-017,
   AUTHOR = {Björne, Jari and Salakoski, Tapio},
   SORTNAME = {Bjorne, Jari and Salakoski, Tapio},
   TITLE = {Biomedical Event Extraction Using Convolutional Neural Networks and Dependency Parsing}}
@INPROCEEDINGS{BioNLP-010,
   AUTHOR = {Wang, Yaqiang and Chen, Yunhui and Shu, Hongping and Jiang, Yongguang},
   SORTNAME = {Wang, Yaqiang and Chen, Yunhui and Shu, Hongping and Jiang, Yongguang},
   TITLE = {On Learning Better Embeddings from Chinese Clinical Records: Study on Combining In-Domain and Out-Domain Data}}
@INPROCEEDINGS{BioNLP-019,
   AUTHOR = {Liu, Miaofeng and Han, Jialong and Zhang, Haisong and Song, Yan},
   SORTNAME = {Liu, Miaofeng and Han, Jialong and Zhang, Haisong and Song, Yan},
   TITLE = {Domain Adaptation for Disease Phrase Matching with Adversarial Networks}}
@INPROCEEDINGS{BioNLP-008,
   AUTHOR = {Nagata, Masatoshi and Takai, Kohichi and Yasuda, Keiji and Heracleous, Panikos and Yoneyama, Akio},
   SORTNAME = {Nagata, Masatoshi and Takai, Kohichi and Yasuda, Keiji and Heracleous, Panikos and Yoneyama, Akio},
   TITLE = {Prediction Models for Risk of Type-2 Diabetes Using Health Claims}}
@INPROCEEDINGS{BioNLP-021,
   AUTHOR = {Rosenthal, Sara and Faulkner, Adam},
   SORTNAME = {Rosenthal, Sara and Faulkner, Adam},
   TITLE = {Toward Cross-Domain Engagement Analysis in Medical Notes}}
@INPROCEEDINGS{BioNLP-024,
   AUTHOR = {Trieu, Long and Nguyen, Nhung and Miwa, Makoto and Ananiadou, Sophia},
   SORTNAME = {Trieu, Long and Nguyen, Nhung and Miwa, Makoto and Ananiadou, Sophia},
   TITLE = {Investigating Domain-Specific Information for Neural Coreference Resolution on Biomedical Texts}}
@INPROCEEDINGS{BioNLP-023,
   AUTHOR = {Pfeiffer, Jonas and Broscheit, Samuel and Gemulla, Rainer and Göschl, Mathias},
   SORTNAME = {Pfeiffer, Jonas and Broscheit, Samuel and Gemulla, Rainer and Goschl, Mathias},
   TITLE = {A Neural Autoencoder Approach for Document Ranking and Query Refinement in Pharmacogenomic Information Retrieval}}
@INPROCEEDINGS{BioNLP-004,
   AUTHOR = {Chokwijitkul, Thanat and Nguyen, Anthony and Hassanzadeh, Hamed and Perez, Siegfried},
   SORTNAME = {Chokwijitkul, Thanat and Nguyen, Anthony and Hassanzadeh, Hamed and Perez, Siegfried},
   TITLE = {Identifying Risk Factors For Heart Disease in Electronic Medical Records: A Deep Learning Approach}}
@INPROCEEDINGS{BioNLP-015,
   AUTHOR = {Das, Manirupa and Fosler-Lussier, Eric and Lin, Simon and Moosavinasab, Soheil and Chen, David and Rust, Steve and Huang, Yungui and Ramnath, Rajiv},
   SORTNAME = {Das, Manirupa and Fosler-Lussier, Eric and Lin, Simon and Moosavinasab, Soheil and Chen, David and Rust, Steve and Huang, Yungui and Ramnath, Rajiv},
   TITLE = {Phrase2VecGLM: Neural generalized language model--based semantic tagging for complex query reformulation in medical IR}}
@INPROCEEDINGS{BioNLP-003,
   AUTHOR = {Nguyen, Dat Quoc and Verspoor, Karin},
   SORTNAME = {Nguyen, Dat Quoc and Verspoor, Karin},
   TITLE = {Convolutional neural networks for chemical-disease relation extraction are improved with character-based word embeddings}}
@INPROCEEDINGS{BioNLP-012,
   AUTHOR = {Galea, Dieter and Laponogov, Ivan and Veselkov, Kirill},
   SORTNAME = {Galea, Dieter and Laponogov, Ivan and Veselkov, Kirill},
   TITLE = {Sub-word information in pre-trained biomedical word representations: evaluation and hyper-parameter optimization}}
@INPROCEEDINGS{BioNLP-002,
   AUTHOR = {Zhao, Mengnan and Masino, Aaron J. and Yang, Christopher C.},
   SORTNAME = {Zhao, Mengnan and Masino, Aaron J. and Yang, Christopher C.},
   TITLE = {A Framework for Developing and Evaluating Word Embeddings of Drug-named Entity}}
@INPROCEEDINGS{BioNLP-013,
   AUTHOR = {Sharma, Vasu and Kulkarni, Nitish and Pranavi, Srividya and Bayomi, Gabriel and Nyberg, Eric and Mitamura, Teruko},
   SORTNAME = {Sharma, Vasu and Kulkarni, Nitish and Pranavi, Srividya and Bayomi, Gabriel and Nyberg, Eric and Mitamura, Teruko},
   TITLE = {BioAMA: Towards an End to End BioMedical Question Answering System}}
@INPROCEEDINGS{BioNLP-005,
   AUTHOR = {Yeganova, Lana and Comeau, Donald C and Kim, Won and Wilbur, W John and Lu, Zhiyong},
   SORTNAME = {Yeganova, Lana and Comeau, Donald C and Kim, Won and Wilbur, W John and Lu, Zhiyong},
   TITLE = {SingleCite: Towards an improved Single Citation Search in PubMed}}
@INPROCEEDINGS{BioNLP-014,
   AUTHOR = {Wang, Qiuyue and Meng, Xiaofeng},
   SORTNAME = {Wang, Qiuyue and Meng, Xiaofeng},
   TITLE = {Bacteria and Biotope Entity Recognition Using A Dictionary-Enhanced Neural Network Model}}
@INPROCEEDINGS{BioNLP-022,
   AUTHOR = {Wang, Lucy and Bhagavatula, Chandra and Neumann, Mark and Lo, Kyle and Wilhelm, Chris and Ammar, Waleed},
   SORTNAME = {Wang, Lucy and Bhagavatula, Chandra and Neumann, Mark and Lo, Kyle and Wilhelm, Chris and Ammar, Waleed},
   TITLE = {Ontology alignment in the biomedical domain using entity definitions and context}}
@INPROCEEDINGS{BioNLP-025,
   AUTHOR = {Salimi, Mohamad and Rozovskaya, Alla},
   SORTNAME = {Salimi, Mohamad and Rozovskaya, Alla},
   TITLE = {Predicting Discharge Disposition Using Patient Complaint Notes in Electronic Medical Records}}
