@INPROCEEDINGS{conll14st-001,
   AUTHOR = {Zhang, Longkai and Wang, Houfeng},
   SORTNAME = {Zhang, Longkai and Wang, Houfeng},
   TITLE = {A Unified Framework for Grammar Error Correction}}
@INPROCEEDINGS{conll14st-010,
   AUTHOR = {Wu, Jian-Cheng and Yen, Tzu-Hsi and Chang, Jim and Huang, Guan-Cheng and Chang, Jimmy and Hsu, Hsiang-Ling and Chang, Yu-Wei and Chang, Jason S.},
   SORTNAME = {Wu, Jian-Cheng and Yen, Tzu-Hsi and Chang, Jim and Huang, Guan-Cheng and Chang, Jimmy and Hsu, Hsiang-Ling and Chang, Yu-Wei and Chang, Jason S.},
   TITLE = {NTHU at the CoNLL-2014 Shared Task}}
@INPROCEEDINGS{conll14st-011,
   AUTHOR = {Wang, Peilu and Jia, Zhongye and Zhao, Hai},
   SORTNAME = {Wang, Peilu and Jia, Zhongye and Zhao, Hai},
   TITLE = {Grammatical Error Detection and Correction using a Single Maximum Entropy Model}}
@INPROCEEDINGS{conll14st-012,
   AUTHOR = {Hdez., S. David and Calvo, Hiram},
   SORTNAME = {Hdez., S. David and Calvo, Hiram},
   TITLE = {CoNLL 2014 Shared Task: Grammatical Error Correction with a Syntactic N-gram Language Model from a Big Corpora}}
@INPROCEEDINGS{conll14st-013,
   AUTHOR = {Ng, Hwee Tou and Wu, Siew Mei and Briscoe, Ted and Hadiwinoto, Christian and Susanto, Raymond Hendy and Bryant, Christopher},
   SORTNAME = {Ng, Hwee Tou and Wu, Siew Mei and Briscoe, Ted and Hadiwinoto, Christian and Susanto, Raymond Hendy and Bryant, Christopher},
   TITLE = {The CoNLL-2014 Shared Task on Grammatical Error Correction}}
@INPROCEEDINGS{conll14st-002,
   AUTHOR = {Felice, Mariano and Yuan, Zheng and Andersen, Øistein E. and Yannakoudakis, Helen and Kochmar, Ekaterina},
   SORTNAME = {Felice, Mariano and Yuan, Zheng and Andersen, Øistein E. and Yannakoudakis, Helen and Kochmar, Ekaterina},
   TITLE = {Grammatical error correction using hybrid systems and type filtering}}
@INPROCEEDINGS{conll14st-003,
   AUTHOR = {Lee, Kyusong and Lee, Gary Geunbae},
   SORTNAME = {Lee, Kyusong and Lee, Gary Geunbae},
   TITLE = {POSTECH Grammatical Error Correction System in the CoNLL-2014 Shared Task}}
@INPROCEEDINGS{conll14st-004,
   AUTHOR = {Gupta, Anubhav},
   SORTNAME = {Gupta, Anubhav},
   TITLE = {Grammatical Error Detection Using Tagger Disagreement}}
@INPROCEEDINGS{conll14st-005,
   AUTHOR = {Junczys-Dowmunt, Marcin and Grundkiewicz, Roman},
   SORTNAME = {Junczys-Dowmunt, Marcin and Grundkiewicz, Roman},
   TITLE = {The AMU System in the CoNLL-2014 Shared Task: Grammatical Error Correction by Data-Intensive and Feature-Rich Statistical Machine Translation}}
@INPROCEEDINGS{conll14st-006,
   AUTHOR = {Rozovskaya, Alla and Chang, Kai-Wei and Sammons, Mark and Roth, Dan and Habash, Nizar},
   SORTNAME = {Rozovskaya, Alla and Chang, Kai-Wei and Sammons, Mark and Roth, Dan and Habash, Nizar},
   TITLE = {The Illinois-Columbia System in the CoNLL-2014 Shared Task}}
@INPROCEEDINGS{conll14st-007,
   AUTHOR = {Boroș, Tiberiu and Dumitrescu, Stefan Daniel and Zafiu, Adrian and Tufiș, Dan and Barbu Mititelu, Verginica and Vaduva, Ionut Paul},
   SORTNAME = {Boros, Tiberiu and Dumitrescu, Stefan Daniel and Zafiu, Adrian and Tufis, Dan and Barbu Mititelu, Verginica and Vaduva, Ionut Paul},
   TITLE = {RACAI GEC – A hybrid approach to Grammatical Error Correction}}
@INPROCEEDINGS{conll14st-008,
   AUTHOR = {Kunchukuttan, Anoop and Chaudhury, Sriram and Bhattacharyya, Pushpak},
   SORTNAME = {Kunchukuttan, Anoop and Chaudhury, Sriram and Bhattacharyya, Pushpak},
   TITLE = {Tuning a Grammar Correction System for Increased Precision}}
@INPROCEEDINGS{conll14st-009,
   AUTHOR = {Wang, Yiming and Wang, Longyue and Zeng, Xiaodong and Wong, Derek F. and Chao, Lidia S. and Lu, Yi},
   SORTNAME = {Wang, Yiming and Wang, Longyue and Zeng, Xiaodong and Wong, Derek F. and Chao, Lidia S. and Lu, Yi},
   TITLE = {Factored Statistical Machine Translation for Grammatical Error Correction}}
