@INPROCEEDINGS{MML_Challenge-018,
   AUTHOR = {Williams, Jennifer and Kleinegesse, Steven and Comanescu, Ramona and Radu, Oana},
   SORTNAME = {Williams, Jennifer and Kleinegesse, Steven and Comanescu, Ramona and Radu, Oana},
   TITLE = {Recognizing Emotions in Video Using Multimodal DNN Feature Fusion}}
@INPROCEEDINGS{MML_Challenge-011,
   AUTHOR = {Pham, Hai and Manzini, Thomas and Liang, Paul Pu and Poczos, Barnabas},
   SORTNAME = {Pham, Hai and Manzini, Thomas and Liang, Paul Pu and Poczos, Barnabas},
   TITLE = {Seq2Seq2Sentiment: Multimodal Sequence to Sequence Models for Sentiment Analysis}}
@INPROCEEDINGS{MML_Challenge-016,
   AUTHOR = {Choi, Woo Yong and Song, Kyu Ye and Lee, Chan Woo},
   SORTNAME = {Choi, Woo Yong and Song, Kyu Ye and Lee, Chan Woo},
   TITLE = {Convolutional Attention Networks for Multimodal Emotion Recognition from Speech and Text Data}}
@INPROCEEDINGS{MML_Challenge-017,
   AUTHOR = {Williams, Jennifer and Comanescu, Ramona and Radu, Oana and Tian, Leimin},
   SORTNAME = {Williams, Jennifer and Comanescu, Ramona and Radu, Oana and Tian, Leimin},
   TITLE = {DNN Multimodal Fusion Techniques for Predicting Video Sentiment}}
@INPROCEEDINGS{MML_Challenge-010,
   AUTHOR = {Tits, No√© and El Haddad, Kevin and Dutoit, Thierry},
   SORTNAME = {Tits, Noe and El Haddad, Kevin and Dutoit, Thierry},
   TITLE = {ASR-based Features for Emotion Recognition: A Transfer Learning Approach}}
@INPROCEEDINGS{MML_Challenge-019,
   AUTHOR = {Sahay, Saurav and Kumar, Shachi H and Xia, Rui and Huang, Jonathan and Nachman, Lama},
   SORTNAME = {Sahay, Saurav and Kumar, Shachi H and Xia, Rui and Huang, Jonathan and Nachman, Lama},
   TITLE = {Multimodal Relational Tensor Network for Sentiment and Emotion Classification}}
@INPROCEEDINGS{MML_Challenge-012,
   AUTHOR = {Tian, Leimin and Lai, Catherine and Moore, Johanna},
   SORTNAME = {Tian, Leimin and Lai, Catherine and Moore, Johanna},
   TITLE = {Polarity and Intensity: the Two Aspects of Sentiment Analysis}}
@INPROCEEDINGS{MML_Challenge-013,
   AUTHOR = {Blanchard, Nathaniel and Moreira, Daniel and Bharati, Aparna and Scheirer, Walter},
   SORTNAME = {Blanchard, Nathaniel and Moreira, Daniel and Bharati, Aparna and Scheirer, Walter},
   TITLE = {Getting the subtext without the text: Scalable multimodal sentiment classification from visual and acoustic modalities}}
@INPROCEEDINGS{MML_Challenge-014,
   AUTHOR = {Sheikh, Imran and Dumpala, Sri Harsha and Chakraborty, Rupayan and Kopparapu, Sunil Kumar},
   SORTNAME = {Sheikh, Imran and Dumpala, Sri Harsha and Chakraborty, Rupayan and Kopparapu, Sunil Kumar},
   TITLE = {Sentiment Analysis using Imperfect Views from Spoken Language and Acoustic Modalities}}
