@INPROCEEDINGS{NMT-020,
   AUTHOR = {Michel, Paul and Neubig, Graham},
   SORTNAME = {Michel, Paul and Neubig, Graham},
   TITLE = {Extreme Adaptation for Personalized Neural Machine Translation}}
@INPROCEEDINGS{NMT-027,
   AUTHOR = {Hoang, Hieu and Dwojak, Tomasz and Krislauks, Rihards and Torregrosa, Daniel and Heafield, Kenneth},
   SORTNAME = {Hoang, Hieu and Dwojak, Tomasz and Krislauks, Rihards and Torregrosa, Daniel and Heafield, Kenneth},
   TITLE = {Fast Neural Machine Translation Implementation}}
@INPROCEEDINGS{NMT-011,
   AUTHOR = {Imamura, Kenji and Fujita, Atsushi and Sumita, Eiichiro},
   SORTNAME = {Imamura, Kenji and Fujita, Atsushi and Sumita, Eiichiro},
   TITLE = {Enhancement of Encoder and Attention Using Target Monolingual Corpora in Neural Machine Translation}}
@INPROCEEDINGS{NMT-007,
   AUTHOR = {Bau, D. Anthony and Belinkov, Yonatan and Sajjad, Hassan and Durrani, Nadir and Dalvi, Fahim and Glass, James},
   SORTNAME = {Bau, D. Anthony and Belinkov, Yonatan and Sajjad, Hassan and Durrani, Nadir and Dalvi, Fahim and Glass, James},
   TITLE = {On Individual Neurons in Neural Machine Translation}}
@INPROCEEDINGS{NMT-029,
   AUTHOR = {Junczys-Dowmunt, Marcin and Heafield, Kenneth and Hoang, Hieu and Grundkiewicz, Roman and Aue, Anthony},
   SORTNAME = {Junczys-Dowmunt, Marcin and Heafield, Kenneth and Hoang, Hieu and Grundkiewicz, Roman and Aue, Anthony},
   TITLE = {Marian: Cost-effective High-Quality Neural Machine Translation in C++}}
@INPROCEEDINGS{NMT-006,
   AUTHOR = {Khayrallah, Huda and Thompson, Brian and Duh, Kevin and Koehn, Philipp},
   SORTNAME = {Khayrallah, Huda and Thompson, Brian and Duh, Kevin and Koehn, Philipp},
   TITLE = {Regularized Training Objective for Continued Training for Domain Adaptation in Neural Machine Translation}}
@INPROCEEDINGS{NMT-028,
   AUTHOR = {Senellart, Jean and Zhang, Dakun and Wang, Bo and Klein, Guillaume and Ramatchandirin, Jean-Pierre and Crego, Josep and Rush, Alexander},
   SORTNAME = {Senellart, Jean and Zhang, Dakun and Wang, Bo and Klein, Guillaume and Ramatchandirin, Jean-Pierre and Crego, Josep and Rush, Alexander},
   TITLE = {OpenNMT System Description for WNMT 2018: 800 words/sec on a single-core CPU}}
@INPROCEEDINGS{NMT-017,
   AUTHOR = {Niu, Xing and Denkowski, Michael and Carpuat, Marine},
   SORTNAME = {Niu, Xing and Denkowski, Michael and Carpuat, Marine},
   TITLE = {Bi-Directional Neural Machine Translation with Synthetic Parallel Data}}
@INPROCEEDINGS{NMT-019,
   AUTHOR = {Jean, SÃ©bastien and Lauly, Stanislas and Cho, Kyunghyun},
   SORTNAME = {Jean, Sebastien and Lauly, Stanislas and Cho, Kyunghyun},
   TITLE = {Parameter Sharing Strategies in Neural Machine Translation}}
@INPROCEEDINGS{NMT-026,
   AUTHOR = {Imamura, Kenji and Sumita, Eiichiro},
   SORTNAME = {Imamura, Kenji and Sumita, Eiichiro},
   TITLE = {NICT Self-Training Approach to Neural Machine Translation at NMT-2018}}
@INPROCEEDINGS{NMT-008,
   AUTHOR = {Fan, Angela and Grangier, David and Auli, Michael},
   SORTNAME = {Fan, Angela and Grangier, David and Auli, Michael},
   TITLE = {Controllable Abstractive Summarization}}
@INPROCEEDINGS{NMT-031,
   AUTHOR = {Marcheggiani, Diego and Bastings, Joost and Titov, Ivan},
   SORTNAME = {Marcheggiani, Diego and Bastings, Joost and Titov, Ivan},
   TITLE = {Exploiting Semantics in Neural Machine Translation with Graph Convolutional Networks}}
@INPROCEEDINGS{NMT-030,
   AUTHOR = {Birch, Alexandra and Finch, Andrew and Luong, Minh-Thang and Neubig, Graham and Oda, Yusuke},
   SORTNAME = {Birch, Alexandra and Finch, Andrew and Luong, Minh-Thang and Neubig, Graham and Oda, Yusuke},
   TITLE = {Findings of the Second Workshop on Neural Machine Translation and Generation}}
@INPROCEEDINGS{NMT-015,
   AUTHOR = {Khayrallah, Huda and Koehn, Philipp},
   SORTNAME = {Khayrallah, Huda and Koehn, Philipp},
   TITLE = {On the Impact of Various Types of Noise on Neural Machine Translation}}
@INPROCEEDINGS{NMT-003,
   AUTHOR = {Hoang, Vu Cong Duy and Koehn, Philipp and Haffari, Gholamreza and Cohn, Trevor},
   SORTNAME = {Hoang, Vu Cong Duy and Koehn, Philipp and Haffari, Gholamreza and Cohn, Trevor},
   TITLE = {Iterative Back-Translation for Neural Machine Translation}}
@INPROCEEDINGS{NMT-002,
   AUTHOR = {Jauregi Unanue, Inigo and Zare Borzeshi, Ehsan and Piccardi, Massimo},
   SORTNAME = {Jauregi Unanue, Inigo and Zare Borzeshi, Ehsan and Piccardi, Massimo},
   TITLE = {A Shared Attention Mechanism for Interpretation of Neural Automatic Post-Editing Systems}}
@INPROCEEDINGS{NMT-013,
   AUTHOR = {Kothur, Sachith Sri Ram and Knowles, Rebecca and Koehn, Philipp},
   SORTNAME = {Kothur, Sachith Sri Ram and Knowles, Rebecca and Koehn, Philipp},
   TITLE = {Document-Level Adaptation for Neural Machine Translation}}
@INPROCEEDINGS{NMT-005,
   AUTHOR = {Bisk, Yonatan and Tran, Ke},
   SORTNAME = {Bisk, Yonatan and Tran, Ke},
   TITLE = {Inducing Grammars with and for Neural Machine Translation}}
@INPROCEEDINGS{NMT-014,
   AUTHOR = {Bastings, Joost and Aziz, Wilker and Titov, Ivan and Simaan, Khalil},
   SORTNAME = {Bastings, Joost and Aziz, Wilker and Titov, Ivan and Simaan, Khalil},
   TITLE = {Modeling Latent Sentence Structure in Neural Machine Translation}}
@INPROCEEDINGS{NMT-022,
   AUTHOR = {Nishimura, Yuta and Sudoh, Katsuhito and Neubig, Graham and Nakamura, Satoshi},
   SORTNAME = {Nishimura, Yuta and Sudoh, Katsuhito and Neubig, Graham and Nakamura, Satoshi},
   TITLE = {Multi-Source Neural Machine Translation with Missing Data}}
@INPROCEEDINGS{NMT-025,
   AUTHOR = {Pham, Ngoc-Quan and Niehues, Jan and Waibel, Alexander},
   SORTNAME = {Pham, Ngoc-Quan and Niehues, Jan and Waibel, Alexander},
   TITLE = {Towards one-shot learning for rare-word translation with external experts}}
