@INPROCEEDINGS{SIGMORPHON-032,
   AUTHOR = {Liu, Ling and Hulden, Mans},
   SORTNAME = {Liu, Ling and Hulden, Mans},
   TITLE = {Leveraging Principal Parts for Morphological Inflection}}
@INPROCEEDINGS{SIGMORPHON-035,
   AUTHOR = {Scherbakov, Andreas},
   SORTNAME = {Scherbakov, Andreas},
   TITLE = {The UniMelb Submission to the SIGMORPHON 2020 Shared Task 0: Typologically Diverse Morphological Inflection}}
@INPROCEEDINGS{SIGMORPHON-034,
   AUTHOR = {Makarov, Peter and Clematide, Simon},
   SORTNAME = {Makarov, Peter and Clematide, Simon},
   TITLE = {CLUZH at SIGMORPHON 2020 Shared Task on Multilingual Grapheme-to-Phoneme Conversion}}
@INPROCEEDINGS{SIGMORPHON-033,
   AUTHOR = {Beemer, Sarah and Boston, Zak and Bukoski, April and Chen, Daniel and Dickens, Princess and Gerlach, Andrew and Hopkins, Torin and Anand Jawale, Parth and Koski, Chris and Malhotra, Akanksha and Mishra, Piyush and Muradoglu, Saliha and Sang, Lan and Short, Tyler and Shreevastava, Sagarika and Spaulding, Elizabeth and Umada, Testumichi and Xiang, Beilei and Yang, Changbing and Hulden, Mans},
   SORTNAME = {Beemer, Sarah and Boston, Zak and Bukoski, April and Chen, Daniel and Dickens, Princess and Gerlach, Andrew and Hopkins, Torin and Anand Jawale, Parth and Koski, Chris and Malhotra, Akanksha and Mishra, Piyush and Muradoglu, Saliha and Sang, Lan and Short, Tyler and Shreevastava, Sagarika and Spaulding, Elizabeth and Umada, Testumichi and Xiang, Beilei and Yang, Changbing and Hulden, Mans},
   TITLE = {Linguist vs. Machine: Rapid Development of Finite-State Morphological Grammars}}
@INPROCEEDINGS{SIGMORPHON-018,
   AUTHOR = {Peters, Ben and Martins, André F. T.},
   SORTNAME = {Peters, Ben and Martins, Andre F. T.},
   TITLE = {One-Size-Fits-All Multilingual Models}}
@INPROCEEDINGS{SIGMORPHON-027,
   AUTHOR = {Hauer, Bradley and Habibi, Amir Ahmad and Luan, Yixing and Mallik, Arnob and Kondrak, Grzegorz},
   SORTNAME = {Hauer, Bradley and Habibi, Amir Ahmad and Luan, Yixing and Mallik, Arnob and Kondrak, Grzegorz},
   TITLE = {Low-Resource G2P and P2G Conversion with Synthetic Training Data}}
@INPROCEEDINGS{SIGMORPHON-011,
   AUTHOR = {Gupta, Ashim and Krishna, Amrith and Goyal, Pawan and Hellwig, Oliver},
   SORTNAME = {Gupta, Ashim and Krishna, Amrith and Goyal, Pawan and Hellwig, Oliver},
   TITLE = {Evaluating Neural Morphological Taggers for Sanskrit}}
@INPROCEEDINGS{SIGMORPHON-007,
   AUTHOR = {Murikinati, Nikitha and Anastasopoulos, Antonios and Neubig, Graham},
   SORTNAME = {Murikinati, Nikitha and Anastasopoulos, Antonios and Neubig, Graham},
   TITLE = {Transliteration for Cross-Lingual Morphological Inflection}}
@INPROCEEDINGS{SIGMORPHON-029,
   AUTHOR = {Jayarao, Pratik and Pillay, Siddhanth and Thombre, Pranav and Chaudhary, Aditi},
   SORTNAME = {Jayarao, Pratik and Pillay, Siddhanth and Thombre, Pranav and Chaudhary, Aditi},
   TITLE = {Exploring Neural Architectures And Techniques For Typologically Diverse Morphological Inflection}}
@INPROCEEDINGS{SIGMORPHON-006,
   AUTHOR = {Nelson, Max},
   SORTNAME = {Nelson, Max},
   TITLE = {Joint learning of constraint weights and gradient inputs in Gradient Symbolic Computation with constrained optimization}}
@INPROCEEDINGS{SIGMORPHON-028,
   AUTHOR = {Prabhu, Nikhil and Kann, Katharina},
   SORTNAME = {Prabhu, Nikhil and Kann, Katharina},
   TITLE = {Frustratingly Easy Multilingual Grapheme-to-Phoneme Conversion}}
@INPROCEEDINGS{SIGMORPHON-019,
   AUTHOR = {Yu, Xiang and Vu, Ngoc Thang and Kuhn, Jonas},
   SORTNAME = {Yu, Xiang and Vu, Ngoc Thang and Kuhn, Jonas},
   TITLE = {Ensemble Self-Training for Low-Resource Languages: Grapheme-to-Phoneme Conversion and Morphological Inflection}}
@INPROCEEDINGS{SIGMORPHON-026,
   AUTHOR = {Agirrezabal, Manex and Wedekind, Jürgen},
   SORTNAME = {Agirrezabal, Manex and Wedekind, Jurgen},
   TITLE = {KU-CST at the SIGMORPHON 2020 Task 2 on Unsupervised Morphological Paradigm Completion}}
@INPROCEEDINGS{SIGMORPHON-008,
   AUTHOR = {Burness, Phillip and McMullin, Kevin},
   SORTNAME = {Burness, Phillip and McMullin, Kevin},
   TITLE = {Multi-Tiered Strictly Local Functions}}
@INPROCEEDINGS{SIGMORPHON-021,
   AUTHOR = {Murikinati, Nikitha and Anastasopoulos, Antonios},
   SORTNAME = {Murikinati, Nikitha and Anastasopoulos, Antonios},
   TITLE = {The CMU-LTI submission to the SIGMORPHON 2020 Shared Task 0: Language-Specific Cross-Lingual Transfer}}
@INPROCEEDINGS{SIGMORPHON-038,
   AUTHOR = {Gorman, Kyle and Ashby, Lucas F.E. and Goyzueta, Aaron and McCarthy, Arya and Wu, Shijie and You, Daniel},
   SORTNAME = {Gorman, Kyle and Ashby, Lucas F.E. and Goyzueta, Aaron and McCarthy, Arya and Wu, Shijie and You, Daniel},
   TITLE = {The SIGMORPHON 2020 Shared Task on Multilingual Grapheme-to-Phoneme Conversion}}
@INPROCEEDINGS{SIGMORPHON-036,
   AUTHOR = {Ryan, Zach and Hulden, Mans},
   SORTNAME = {Ryan, Zach and Hulden, Mans},
   TITLE = {Data Augmentation for Transformer-based G2P}}
@INPROCEEDINGS{SIGMORPHON-031,
   AUTHOR = {Vesik, Kaili and Abdul-Mageed, Muhammad and Silfverberg, Miikka},
   SORTNAME = {Vesik, Kaili and Abdul-Mageed, Muhammad and Silfverberg, Miikka},
   TITLE = {One Model to Pronounce Them All: Multilingual Grapheme-to-Phoneme Conversion With a Transformer Ensemble}}
@INPROCEEDINGS{SIGMORPHON-030,
   AUTHOR = {Canby, Marc and Karipbayeva, Aidana and Lunt, Bryan and Mozaffari, Sahand and Yoder, Charlotte and Hockenmaier, Julia},
   SORTNAME = {Canby, Marc and Karipbayeva, Aidana and Lunt, Bryan and Mozaffari, Sahand and Yoder, Charlotte and Hockenmaier, Julia},
   TITLE = {University of Illinois Submission to the SIGMORPHON 2020 Shared Task 0: Typologically Diverse Morphological Inflection}}
@INPROCEEDINGS{SIGMORPHON-037,
   AUTHOR = {Kann, Katharina and McCarthy, Arya D. and Nicolai, Garrett and Hulden, Mans},
   SORTNAME = {Kann, Katharina and McCarthy, Arya D. and Nicolai, Garrett and Hulden, Mans},
   TITLE = {The SIGMORPHON 2020 Shared Task on Unsupervised Morphological Paradigm Completion}}
@INPROCEEDINGS{SIGMORPHON-039,
   AUTHOR = {Vylomova, Ekaterina and White, Jennifer and Salesky, Elizabeth and Mielke, Sabrina J. and Wu, Shijie and Ponti, Edoardo Maria and Hall Maudslay, Rowan and Zmigrod, Ran and Valvoda, Josef and Toldova, Svetlana and Tyers, Francis and Klyachko, Elena and Yegorov, Ilya and Krizhanovsky, Natalia and Czarnowska, Paula and Nikkarinen, Irene and Krizhanovsky, Andrew and Pimentel, Tiago and Torroba Hennigen, Lucas and Kirov, Christo and Nicolai, Garrett and Williams, Adina and Anastasopoulos, Antonios and cruz, hilaria and Chodroff, Eleanor and Cotterell, Ryan and Silfverberg, Miikka and Hulden, Mans},
   SORTNAME = {Vylomova, Ekaterina and White, Jennifer and Salesky, Elizabeth and Mielke, Sabrina J. and Wu, Shijie and Ponti, Edoardo Maria and Hall Maudslay, Rowan and Zmigrod, Ran and Valvoda, Josef and Toldova, Svetlana and Tyers, Francis and Klyachko, Elena and Yegorov, Ilya and Krizhanovsky, Natalia and Czarnowska, Paula and Nikkarinen, Irene and Krizhanovsky, Andrew and Pimentel, Tiago and Torroba Hennigen, Lucas and Kirov, Christo and Nicolai, Garrett and Williams, Adina and Anastasopoulos, Antonios and cruz, hilaria and Chodroff, Eleanor and Cotterell, Ryan and Silfverberg, Miikka and Hulden, Mans},
   TITLE = {SIGMORPHON 2020 Shared Task 0: Typologically Diverse Morphological Inflection}}
@INPROCEEDINGS{SIGMORPHON-024,
   AUTHOR = {Mager, Manuel and Kann, Katharina},
   SORTNAME = {Mager, Manuel and Kann, Katharina},
   TITLE = {The IMS---CUBoulder System for the SIGMORPHON 2020 Shared Task on Unsupervised Morphological Paradigm Completion}}
@INPROCEEDINGS{SIGMORPHON-023,
   AUTHOR = {Singer, Assaf and Kann, Katharina},
   SORTNAME = {Singer, Assaf and Kann, Katharina},
   TITLE = {The NYU-CUBoulder Systems for SIGMORPHON 2020 Task 0 and Task 2}}
@INPROCEEDINGS{SIGMORPHON-003,
   AUTHOR = {Adams, Oliver and Wiesner, Matthew and Trmal, Jan and Nicolai, Garrett and Yarowsky, David},
   SORTNAME = {Adams, Oliver and Wiesner, Matthew and Trmal, Jan and Nicolai, Garrett and Yarowsky, David},
   TITLE = {Induced Inflection-Set Keyword Search in Speech}}
@INPROCEEDINGS{SIGMORPHON-002,
   AUTHOR = {Li, Bai and Xie, Jing Yi and Rudzicz, Frank},
   SORTNAME = {Li, Bai and Xie, Jing Yi and Rudzicz, Frank},
   TITLE = {Representation Learning for Discovering Phonemic Tone Contours}}
@INPROCEEDINGS{SIGMORPHON-013,
   AUTHOR = {Cathcart, Chundra and Wandl, Florian},
   SORTNAME = {Cathcart, Chundra and Wandl, Florian},
   TITLE = {In search of isoglosses: continuous and discrete language embeddings in Slavic historical phonology}}
@INPROCEEDINGS{SIGMORPHON-014,
   AUTHOR = {Klein, Stav and Tsarfaty, Reut},
   SORTNAME = {Klein, Stav and Tsarfaty, Reut},
   TITLE = {Getting the \#\#life out of living: How Adequate Are Word-Pieces for Modelling Complex Morphology?}}
@INPROCEEDINGS{SIGMORPHON-022,
   AUTHOR = {ElSaadany, Omnia and Suter, Benjamin},
   SORTNAME = {ElSaadany, Omnia and Suter, Benjamin},
   TITLE = {Grapheme-to-Phoneme Conversion with a Multilingual Transformer Model}}
@INPROCEEDINGS{SIGMORPHON-025,
   AUTHOR = {Forster, Martina and Meister, Clara},
   SORTNAME = {Forster, Martina and Meister, Clara},
   TITLE = {SIGMORPHON 2020 Task 0 System Description: ETH Zürich Team}}
