@INPROCEEDINGS{cl-00367,
  AUTHOR = {Belinkov, Yonatan and Durrani, Nadir and Dalvi, Fahim and Sajjad, Hassan and Glass, James},
  TITLE = {[CL] On the Linguistic Representational Power of Neural Machine Translation Models},
  SORTNAME = {On the Linguistic Representational Power of Neural Machine Translation Models}}

@INPROCEEDINGS{cl-00368,
  AUTHOR = {Zhou, Li and Gao, Jianfeng and Li, Di and Shum, Heung-Yeung},
  TITLE = {[CL] The Design and Implementation of XiaoIce, an Empathetic Social Chatbot},
  SORTNAME = {The Design and Implementation of XiaoIce, an Empathetic Social Chatbot}}

@INPROCEEDINGS{cl-00374,
  AUTHOR = {Mohiuddin, Tasnim and Joty, Shafiq},
  TITLE = {[CL] Unsupervised Word Translation with Adversarial Autoencoder},
  SORTNAME = {Unsupervised Word Translation with Adversarial Autoencoder}}

@INPROCEEDINGS{cl-00377,
  AUTHOR = {V{\'a}zquez, Ra{\'u}l and Raganato, Alessandro and Creutz, Mathias and Tiedemann, J{\"o}rg},
  TITLE = {[CL] A Systematic Study of Inner-Attention-Based Sentence Representations in Multilingual Neural Machine Translation},
  SORTNAME = {A Systematic Study of Inner-Attention-Based Sentence Representations in Multilingual Neural Machine Translation}}

@INPROCEEDINGS{cl-00378,
  AUTHOR = {Ranta, Aarne and Angelov, Krasimir and Gruzitis, Normunds and Kolachina, Prasanth},
  TITLE = {[CL] Abstract Syntax as Interlingua: Scaling Up the Grammatical Framework from Controlled Languages to Robust Pipelines},
  SORTNAME = {Abstract Syntax as Interlingua: Scaling Up the Grammatical Framework from Controlled Languages to Robust Pipelines}}

@INPROCEEDINGS{cl-00376,
  AUTHOR = {Şahin, Gözde Gül and Vania, Clara and Kuznetsov, Ilia and Gurevych, Iryna},
  TITLE = {[CL] LINSPECTOR: Multilingual Probing Tasks for Word Representations},
  SORTNAME = {LINSPECTOR: Multilingual Probing Tasks for Word Representations}}

@INPROCEEDINGS{cl-00375,
  AUTHOR = {Davide Colla and Enrico Mensa and Daniele P. Radicioni},
  TITLE = {[CL] LESSLEX: Linking Multilingual Embeddings to SenSe Representations of Lexical Items},
  SORTNAME = {LESSLEX: Linking Multilingual Embeddings to SenSe Representations of Lexical Items}}

