@INPROCEEDINGS{CLPsych-001,
   AUTHOR = {Lamers, Sanne M.A. and Truong, Khiet P. and Steunenberg, Bas and de Jong, Franciska and Westerhof, Gerben J.},
   SORTNAME = {Lamers, Sanne M.A. and Truong, Khiet P. and Steunenberg, Bas and de Jong, Franciska and Westerhof, Gerben J.},
   TITLE = {Applying prosodic speech features in mental health care: An exploratory study in a life-review intervention for depression}}
@INPROCEEDINGS{CLPsych-010,
   AUTHOR = {Howes, Christine and Purver, Matthew and McCabe, Rose},
   SORTNAME = {Howes, Christine and Purver, Matthew and McCabe, Rose},
   TITLE = {Linguistic Indicators of Severity and Progress in Online Text-based Therapy for Depression}}
@INPROCEEDINGS{CLPsych-012,
   AUTHOR = {Homan, Christopher and Johar, Ravdeep and Liu, Tong and Lytle, Megan and Silenzio, Vincent and Ovesdotter Alm, Cecilia},
   SORTNAME = {Homan, Christopher and Johar, Ravdeep and Liu, Tong and Lytle, Megan and Silenzio, Vincent and Ovesdotter Alm, Cecilia},
   TITLE = {Toward Macro-Insights for Suicide Prevention: Analyzing Fine-Grained Distress at Scale}}
@INPROCEEDINGS{CLPsych-013,
   AUTHOR = {Jarrold, William and Peintner, Bart and Wilkins, David and Vergryi, Dimitra and Richey, Colleen and Gorno-Tempini, Maria Luisa and Ogar, Jennifer},
   SORTNAME = {Jarrold, William and Peintner, Bart and Wilkins, David and Vergryi, Dimitra and Richey, Colleen and Gorno-Tempini, Maria Luisa and Ogar, Jennifer},
   TITLE = {Aided diagnosis of dementia type through computer-based analysis of spontaneous speech}}
@INPROCEEDINGS{CLPsych-015,
   AUTHOR = {Thompson, Paul and Bryan, Craig and Poulin, Chris},
   SORTNAME = {Thompson, Paul and Bryan, Craig and Poulin, Chris},
   TITLE = {Predicting military and veteran suicide risk: Cultural aspects}}
@INPROCEEDINGS{CLPsych-016,
   AUTHOR = {Schwartz, H. Andrew and Eichstaedt, Johannes and Kern, Margaret L. and Park, Gregory and Sap, Maarten and Stillwell, David and Kosinski, Michal and Ungar, Lyle},
   SORTNAME = {Schwartz, H. Andrew and Eichstaedt, Johannes and Kern, Margaret L. and Park, Gregory and Sap, Maarten and Stillwell, David and Kosinski, Michal and Ungar, Lyle},
   TITLE = {Towards Assessing Changes in Degree of Depression through Facebook}}
@INPROCEEDINGS{CLPsych-017,
   AUTHOR = {Rouhizadeh, Masoud and Prud'hommeaux, Emily and van Santen, Jan and Sproat, Richard},
   SORTNAME = {Rouhizadeh, Masoud and Prud'hommeaux, Emily and van Santen, Jan and Sproat, Richard},
   TITLE = {Detecting linguistic idiosyncratic interests in autism using distributional semantic models}}
@INPROCEEDINGS{CLPsych-002,
   AUTHOR = {Tanaka, Hiroki and Sakti, Sakriani and Neubig, Graham and Toda, Tomoki and Nakamura, Satoshi},
   SORTNAME = {Tanaka, Hiroki and Sakti, Sakriani and Neubig, Graham and Toda, Tomoki and Nakamura, Satoshi},
   TITLE = {Linguistic and Acoustic Features for Automatic Identification of Autism Spectrum Disorders in Children's Narrative}}
@INPROCEEDINGS{CLPsych-003,
   AUTHOR = {Ji, Yangfeng and Hong, Hwajung and Arriaga, Rosa and Rozga, Agata and Abowd, Gregory and Eisenstein, Jacob},
   SORTNAME = {Ji, Yangfeng and Hong, Hwajung and Arriaga, Rosa and Rozga, Agata and Abowd, Gregory and Eisenstein, Jacob},
   TITLE = {Mining Themes and Interests in the Asperger's and Autism Community}}
@INPROCEEDINGS{CLPsych-004,
   AUTHOR = {Glasgow, Kimberly and Schouten, Ronald},
   SORTNAME = {Glasgow, Kimberly and Schouten, Ronald},
   TITLE = {Assessing Violence Risk in Threatening Communications}}
@INPROCEEDINGS{CLPsych-006,
   AUTHOR = {Orimaye, Sylvester Olubolu and Wong, Jojo Sze-Meng and Golden, Karen Jennifer},
   SORTNAME = {Orimaye, Sylvester Olubolu and Wong, Jojo Sze-Meng and Golden, Karen Jennifer},
   TITLE = {Learning Predictive Linguistic Features for Alzheimerâ€™s Disease and related Dementias using Verbal Utterances}}
@INPROCEEDINGS{CLPsych-007,
   AUTHOR = {Coppersmith, Glen and Dredze, Mark and Harman, Craig},
   SORTNAME = {Coppersmith, Glen and Dredze, Mark and Harman, Craig},
   TITLE = {Quantifying Mental Health Signals in Twitter}}
@INPROCEEDINGS{CLPsych-008,
   AUTHOR = {Morley, Eric and Hallin, Anna Eva and Roark, Brian},
   SORTNAME = {Morley, Eric and Hallin, Anna Eva and Roark, Brian},
   TITLE = {Challenges in Automating Maze Detection}}
@INPROCEEDINGS{CLPsych-009,
   AUTHOR = {Fraser, Kathleen C. and Hirst, Graeme and Graham, Naida L. and Meltzer, Jed A. and Black, Sandra E. and Rochon, Elizabeth},
   SORTNAME = {Fraser, Kathleen C. and Hirst, Graeme and Graham, Naida L. and Meltzer, Jed A. and Black, Sandra E. and Rochon, Elizabeth},
   TITLE = {Comparison of different feature sets for identification of variants in progressive aphasia}}
