@INPROCEEDINGS{BEA9-013,
   AUTHOR = {Zesch, Torsten and Melamud, Oren},
   SORTNAME = {Zesch, Torsten and Melamud, Oren},
   TITLE = {Automatic Generation of Challenging Distractors Using Context-Sensitive Inference Rules}}
@INPROCEEDINGS{BEA9-014,
   AUTHOR = {Somasundaran, Swapna and Chodorow, Martin},
   SORTNAME = {Somasundaran, Swapna and Chodorow, Martin},
   TITLE = {Automated Measures of Specific Vocabulary Knowledge from Constructed Responses ('Use These Words to Write a Sentence Based on this Picture')}}
@INPROCEEDINGS{BEA9-015,
   AUTHOR = {Ahrenberg, Lars and Tarvi, Ljuba},
   SORTNAME = {Ahrenberg, Lars and Tarvi, Ljuba},
   TITLE = {Translation Class Instruction as Collaboration in the Act of Translation}}
@INPROCEEDINGS{BEA9-016,
   AUTHOR = {Pilán, Ildikó and Volodina, Elena and Johansson, Richard},
   SORTNAME = {Pilan, Ildiko and Volodina, Elena and Johansson, Richard},
   TITLE = {Rule-based and machine learning approaches for second language sentence-level readability}}
@INPROCEEDINGS{BEA9-017,
   AUTHOR = {Yoon, Su-Youn and Xie, Shasha},
   SORTNAME = {Yoon, Su-Youn and Xie, Shasha},
   TITLE = {Similarity-Based Non-Scorable Response Detection for Automated Speech Scoring}}
@INPROCEEDINGS{BEA9-019,
   AUTHOR = {Cheng, Jian and Zhao D'Antilio, Yuan and Chen, Xin and Bernstein, Jared},
   SORTNAME = {Cheng, Jian and Zhao D'Antilio, Yuan and Chen, Xin and Bernstein, Jared},
   TITLE = {Automatic Assessment of the Speech of Young English Learners}}
@INPROCEEDINGS{BEA9-020,
   AUTHOR = {Zechner, Klaus and Evanini, Keelan and Yoon, Su-Youn and Davis, Lawrence and Wang, Xinhao and Chen, Lei and Lee, Chong Min and Leong, Chee Wee},
   SORTNAME = {Zechner, Klaus and Evanini, Keelan and Yoon, Su-Youn and Davis, Lawrence and Wang, Xinhao and Chen, Lei and Lee, Chong Min and Leong, Chee Wee},
   TITLE = {Automated scoring of speaking items in an assessment for teachers of English as a Foreign Language}}
@INPROCEEDINGS{BEA9-022,
   AUTHOR = {Kharkwal, Gaurav and Muresan, Smaranda},
   SORTNAME = {Kharkwal, Gaurav and Muresan, Smaranda},
   TITLE = {Surprisal as a Predictor of Essay Quality}}
@INPROCEEDINGS{BEA9-023,
   AUTHOR = {Dell'Orletta, Felice and Wieling, Martijn and Venturi, Giulia and Cimino, Andrea and Montemagni, Simonetta},
   SORTNAME = {Dell'Orletta, Felice and Wieling, Martijn and Venturi, Giulia and Cimino, Andrea and Montemagni, Simonetta},
   TITLE = {Assessing the Readability of Sentences: Which Corpora and Features?}}
@INPROCEEDINGS{BEA9-024,
   AUTHOR = {Nguyen, Huy and Litman, Diane},
   SORTNAME = {Nguyen, Huy and Litman, Diane},
   TITLE = {Improving Peer Feedback Prediction: The Sentence Level is Right}}
@INPROCEEDINGS{BEA9-026,
   AUTHOR = {Evanini, Keelan and Wang, Xinhao},
   SORTNAME = {Evanini, Keelan and Wang, Xinhao},
   TITLE = {Automatic detection of plagiarized spoken responses}}
@INPROCEEDINGS{BEA9-027,
   AUTHOR = {Swanson, Ben and Yamangil, Elif and Charniak, Eugene},
   SORTNAME = {Swanson, Ben and Yamangil, Elif and Charniak, Eugene},
   TITLE = {Natural Language Generation with Vocabulary Constraints}}
@INPROCEEDINGS{BEA9-029,
   AUTHOR = {Zhang, Fan and Litman, Diane},
   SORTNAME = {Zhang, Fan and Litman, Diane},
   TITLE = {Sentence-level Rewriting Detection}}
@INPROCEEDINGS{BEA9-032,
   AUTHOR = {Leeman-Munk, Samuel and Shelton, Angela and Wiebe, Eric and Lester, James},
   SORTNAME = {Leeman-Munk, Samuel and Shelton, Angela and Wiebe, Eric and Lester, James},
   TITLE = {Towards Domain-Independent Assessment of Elementary Students’ Science Competency using Soft Cardinality}}
@INPROCEEDINGS{BEA9-033,
   AUTHOR = {Rytting, C. Anton and Rodrigues, Paul and Buckwalter, Tim and Novak, Valerie and Bills, Aric and Silbert, Noah H. and Madgavkar, Mohini},
   SORTNAME = {Rytting, C. Anton and Rodrigues, Paul and Buckwalter, Tim and Novak, Valerie and Bills, Aric and Silbert, Noah H. and Madgavkar, Mohini},
   TITLE = {ArCADE: An Arabic Corpus of Auditory Dictation Errors}}
@INPROCEEDINGS{BEA9-037,
   AUTHOR = {Ramesh, Arti and Goldwasser, Dan and Huang, Bert and Daume, Hal and Getoor, Lise},
   SORTNAME = {Ramesh, Arti and Goldwasser, Dan and Huang, Bert and Daume, Hal and Getoor, Lise},
   TITLE = {Understanding MOOC Discussion Forums using Seeded LDA}}
@INPROCEEDINGS{BEA9-005,
   AUTHOR = {Field, Debora and Pulman, Stephen and Whitelock, Denise},
   SORTNAME = {Field, Debora and Pulman, Stephen and Whitelock, Denise},
   TITLE = {The pragmatics of margin comments: An empirical study}}
@INPROCEEDINGS{BEA9-006,
   AUTHOR = {Madnani, Nitin and Cahill, Aoife},
   SORTNAME = {Madnani, Nitin and Cahill, Aoife},
   TITLE = {An Explicit Feedback System for Preposition Errors based on Wikipedia Revisions}}
@INPROCEEDINGS{BEA9-007,
   AUTHOR = {Loukina, Anastassia and Zechner, Klaus and Chen, Lei},
   SORTNAME = {Loukina, Anastassia and Zechner, Klaus and Chen, Lei},
   TITLE = {Automatic evaluation of spoken summaries: the case of language assessment}}
@INPROCEEDINGS{BEA9-008,
   AUTHOR = {Metallinou, Angeliki and Cheng, Jian},
   SORTNAME = {Metallinou, Angeliki and Cheng, Jian},
   TITLE = {Syllable and language model based features for detecting non-scorable tests in spoken language proficiency assessment applications}}
@INPROCEEDINGS{BEA9-009,
   AUTHOR = {Salesky, Elizabeth and Shen, Wade},
   SORTNAME = {Salesky, Elizabeth and Shen, Wade},
   TITLE = {Exploiting Morphological, Grammatical, and Semantic Correlates for Improved Text Difficulty Assessment}}
