                  
@INPROCEEDINGS{workshop1,
  title = {BioNLP 2018},
  author = {Cohen, Kevin Bretonnel and Demner-Fushman, Dina and Ananiadou, Sophia and Tsujii, Jun-ichi},
  sortname = {Cohen, Kevin Bretonnel and Demner-Fushman, Dina and Ananiadou, Sophia and Tsujii, Jun-ichi},
}
                  
@INPROCEEDINGS{workshop2,
  title = {ACL 2018 Workshop on Cognitive Aspects of Computational 
  Language Learning and Processing},
  author = {Idiart, Marco and Lenci, Alessandro and Poibeau, Thierry and Villavicencio, Aline},
      sortname = {Idiart, Marco and Lenci, Alessandro and Poibeau, Thierry and Villavicencio, Aline},
}

@INPROCEEDINGS{workshop3,
  title = {The 1st Workshop on Deep Learning Approaches for Low Resource 
  Natural Language Processing},
  sortname = {Haffari, Reza and Cherry, Colin and Foster, George and Khadivi, Shahram and Salehi, Bahar},
    author = {Haffari, Reza and Cherry, Colin and Foster, George and Khadivi, Shahram and Salehi, Bahar},
}

@INPROCEEDINGS{workshop4,
  title = {The First Workshop on Multilingual Surface Realization},
  sortname = {Mille, Simon and Belz Anja and Bohnet, Bernd and Pitler, Emily and Wanner, Leo},
  author = {Mille, Simon and Belz Anja and Bohnet, Bernd and Pitler, Emily and Wanner, Leo},
}

@INPROCEEDINGS{workshop5,
  title = {The 5th Workshop on Natural Language Processing Techniques 
  for Educational Applications},
  sortname = {Tseng, Yuen-Hsien and Chen, Hsin-Hsi and Ng, Vincent and Komachi, Mamoru},
    author = {Tseng, Yuen-Hsien and Chen, Hsin-Hsi and Ng, Vincent and Komachi, Mamoru},
}

@INPROCEEDINGS{workshop6,
  title = {Third Workshop on Computational Approaches to Linguistic 
  Code-Switching},
  sortname = {Aguilar, Gustavo and AlGhamdi, Fahad and Soto, Victor and Solorio, Thamar and Diab, Mona and Hirschberg, Julia},
    author = {Aguilar, Gustavo and AlGhamdi, Fahad and Soto, Victor and Solorio, Thamar and Diab, Mona and Hirschberg, Julia},
}

@INPROCEEDINGS{workshop7,
  title = {Workshop on Machine Reading for Question Answering},
  sortname = {Choi, Eunsol and Seo, Minjoon and Chen, Danqi and Jia, Robin and Berant, Jonathan},
    author = {Choi, Eunsol and Seo, Minjoon and Chen, Danqi and Jia, Robin and Berant, Jonathan},
}

@INPROCEEDINGS{workshop8,
  title = {Workshop on Relevance of Linguistic Structure in Neural 
  Architectures for NLP},
  sortname = {Dinu, Georgiana and Ballesteros, Miguel and S\"ogaard, Anders and Sil, Avirup and Naseem, Tahira and Goldberg, Yoav and Hamza, Wael and Bowman, Samuel R.},
    author = {Dinu, Georgiana and Ballesteros, Miguel and S\"ogaard, Anders and Sil, Avirup and Naseem, Tahira and Goldberg, Yoav and Hamza, Wael and Bowman, Samuel R.},
}

%% %% FRIDAY %%%%%%%%%%%%%%%%%%%%%%%%%%%%%%%%%%%%%%%%%%%%%%%%%%%%%%%

%\setdaydateyear{Friday}{June 5}{2015}
%\setheaders{One-day Workshops}{\daydateyear}


@INPROCEEDINGS{workshop9,
  title = {1st Workshop on Economics and Natural Language Processing},
  sortname = {Hahn, Udo and Hoste, V\'eronique and Tsai, Ming-Feng},
    author = {Hahn, Udo and Hoste, V\'eronique and Tsai, Ming-Feng},
}

@INPROCEEDINGS{workshop10,
  title = {3rd Workshop on Representation Learning for NLP},
  sortname = {Augenstein, Isabelle and Cao, Kris and He, He and Hill, Felix and Gella, Spandana and Kiros, Jamie and Mei, Hongyuan and Misra, Dipendra},
    author = {Augenstein, Isabelle and Cao, Kris and He, He and Hill, Felix and Gella, Spandana and Kiros, Jamie and Mei, Hongyuan and Misra, Dipendra},
}

@INPROCEEDINGS{workshop11,
  title = {First Workshop on Computational Modeling of Human
  Multimodal Language},
  sortname = {O’Connor, Brendan and Vecchi, Eva Maria},
    author = {O’Connor, Brendan and Vecchi, Eva Maria},
}

@INPROCEEDINGS{workshop12,
  title = {Sixth International Workshop on Natural Language
  Processing for Social Media},
  sortname = {Ku, Lun-Wei and Li, Cheng-Te},
    author = {Ku, Lun-Wei and Li, Cheng-Te},
}

@INPROCEEDINGS{workshop13,
  title = {The 2nd Workshop on Neural Machine Translation and Generation},
  sortname = {Birch, Alexandra and Finch, Andrew and Luong, Thang and Neubig, Graham and Oda, Yusuke},
    author = {Birch, Alexandra and Finch, Andrew and Luong, Thang and Neubig, Graham and Oda, Yusuke},
}

@INPROCEEDINGS{workshop14,
  title = {The Seventh Named Entities Workshop},
  sortname = {Li, Haizhou and Zhang, Min},
    author = {Li, Haizhou and Zhang, Min},
}

@INPROCEEDINGS{workshop15,
  title = {Workshop for NLP Open Source Software},
  sortname = {Park, Lucy and Hagiwara, Masato and Milajevs, Dmitrijs and Tan, Liling},
    author = {Park, Lucy and Hagiwara, Masato and Milajevs, Dmitrijs and Tan, Liling},
}
