@INPROCEEDINGS{RepL4NLP-032,
   AUTHOR = {Vulić, Ivan},
   SORTNAME = {Vulic, Ivan},
   TITLE = {Injecting Lexical Contrast into Word Vectors by Guiding Vector Space Specialisation}}
@INPROCEEDINGS{RepL4NLP-034,
   AUTHOR = {Jacob, Athul Paul and Lin, Zhouhan and Sordoni, Alessandro and Bengio, Yoshua},
   SORTNAME = {Jacob, Athul Paul and Lin, Zhouhan and Sordoni, Alessandro and Bengio, Yoshua},
   TITLE = {Learning Hierarchical Structures On-The-Fly with a Recurrent-Recursive Model for Sequences}}
@INPROCEEDINGS{RepL4NLP-033,
   AUTHOR = {Üstün, Ahmet and Kurfalı, Murathan and Can, Burcu},
   SORTNAME = {Ustun, Ahmet and Kurfalı, Murathan and Can, Burcu},
   TITLE = {Characters or Morphemes: How to Represent Words?}}
@INPROCEEDINGS{RepL4NLP-020,
   AUTHOR = {Levi, Gil},
   SORTNAME = {Levi, Gil},
   TITLE = {Connecting Supervised and Unsupervised Sentence Embeddings}}
@INPROCEEDINGS{RepL4NLP-018,
   AUTHOR = {Tang, Shuai and Jin, Hailin and Fang, Chen and Wang, Zhaowen and de Sa, Virginia},
   SORTNAME = {Tang, Shuai and Jin, Hailin and Fang, Chen and Wang, Zhaowen and de Sa, Virginia},
   TITLE = {Speeding up Context-based Sentence Representation Learning with Non-autoregressive Convolutional Decoding}}
@INPROCEEDINGS{RepL4NLP-027,
   AUTHOR = {Wang, Jilei and Luo, Shiying and Shi, Weiyan and Dai, Tao and Xia, Shu-Tao},
   SORTNAME = {Wang, Jilei and Luo, Shiying and Shi, Weiyan and Dai, Tao and Xia, Shu-Tao},
   TITLE = {Exploiting Common Characters in Chinese and Japanese to Learn Cross-Lingual Word Embeddings via Matrix Factorization}}
@INPROCEEDINGS{RepL4NLP-011,
   AUTHOR = {Salama, Amr Rekaby and Alacam, Özge and Menzel, Wolfgang},
   SORTNAME = {Salama, Amr Rekaby and Alacam, Ozge and Menzel, Wolfgang},
   TITLE = {Text Completion using Context-Integrated Dependency Parsing}}
@INPROCEEDINGS{RepL4NLP-007,
   AUTHOR = {Jo, Hwiyeol and Choi, Stanley Jungkyu},
   SORTNAME = {Jo, Hwiyeol and Choi, Stanley Jungkyu},
   TITLE = {Extrofitting: Enriching Word Representation and its Vector Space with Semantic Lexicons}}
@INPROCEEDINGS{RepL4NLP-029,
   AUTHOR = {Saedi, Chakaveh and Branco, António and António Rodrigues, João and Silva, João},
   SORTNAME = {Saedi, Chakaveh and Branco, Antonio and Antonio Rodrigues, Joao and Silva, Joao},
   TITLE = {WordNet Embeddings}}
@INPROCEEDINGS{RepL4NLP-042,
   AUTHOR = {Broscheit, Samuel},
   SORTNAME = {Broscheit, Samuel},
   TITLE = {Learning Distributional Token Representations from Visual Features}}
@INPROCEEDINGS{RepL4NLP-017,
   AUTHOR = {Pivovarova, Lidia and Yangarber, Roman},
   SORTNAME = {Pivovarova, Lidia and Yangarber, Roman},
   TITLE = {Comparison of Representations of Named Entities for Document Classification}}
@INPROCEEDINGS{RepL4NLP-001,
   AUTHOR = {Altszyler, Edgar and Sigman, Mariano and Fernandez Slezak, Diego},
   SORTNAME = {Altszyler, Edgar and Sigman, Mariano and Fernandez Slezak, Diego},
   TITLE = {Corpus Specificity in LSA and Word2vec: The Role of Out-of-Domain Documents}}
@INPROCEEDINGS{RepL4NLP-010,
   AUTHOR = {Moirangthem, Dennis Singh and Lee, Minho},
   SORTNAME = {Moirangthem, Dennis Singh and Lee, Minho},
   TITLE = {Chat Discrimination for Intelligent Conversational Agents with a Hybrid CNN-LMTGRU Network}}
@INPROCEEDINGS{RepL4NLP-021,
   AUTHOR = {Sheng, Weiguo and Sheng, Weiguo},
   SORTNAME = {Sheng, Weiguo and Sheng, Weiguo},
   TITLE = {A Hybrid Learning Scheme for Chinese Word Embedding}}
@INPROCEEDINGS{RepL4NLP-044,
   AUTHOR = {Newman-Griffis, Denis and Lai, Albert M. and Fosler-Lussier, Eric},
   SORTNAME = {Newman-Griffis, Denis and Lai, Albert M. and Fosler-Lussier, Eric},
   TITLE = {Jointly Embedding Entities and Text with Distant Supervision}}
@INPROCEEDINGS{RepL4NLP-038,
   AUTHOR = {Yang, Yinfei and Yuan, Steve and Cer, Daniel and Kong, Sheng-Yi and Constant, Noah and Pilar, Petr and Ge, Heming and Sung, Yun-hsuan and Strope, Brian and Kurzweil, Ray},
   SORTNAME = {Yang, Yinfei and Yuan, Steve and Cer, Daniel and Kong, Sheng-Yi and Constant, Noah and Pilar, Petr and Ge, Heming and Sung, Yun-hsuan and Strope, Brian and Kurzweil, Ray},
   TITLE = {Learning Semantic Textual Similarity from Conversations}}
@INPROCEEDINGS{RepL4NLP-030,
   AUTHOR = {Wu, Yanrong and Wang, Zhichun},
   SORTNAME = {Wu, Yanrong and Wang, Zhichun},
   TITLE = {Knowledge Graph Embedding with Numeric Attributes of Entities}}
@INPROCEEDINGS{RepL4NLP-037,
   AUTHOR = {Hartmann, Mareike and Søgaard, Anders},
   SORTNAME = {Hartmann, Mareike and Søgaard, Anders},
   TITLE = {Limitations of Cross-Lingual Learning from Image Search}}
@INPROCEEDINGS{RepL4NLP-039,
   AUTHOR = {Yu, Katherine and Li, Haoran and Oguz, Barlas},
   SORTNAME = {Yu, Katherine and Li, Haoran and Oguz, Barlas},
   TITLE = {Multilingual Seq2seq Training with Similarity Loss for Cross-Lingual Document Classification}}
@INPROCEEDINGS{RepL4NLP-046,
   AUTHOR = {Daza, Angel and Frank, Anette},
   SORTNAME = {Daza, Angel and Frank, Anette},
   TITLE = {A Sequence-to-Sequence Model for Semantic Role Labeling}}
@INPROCEEDINGS{RepL4NLP-024,
   AUTHOR = {Romadhony, Ade and Wicaksono, Alfan Farizki and Purwarianti, Ayu and Widyantoro, Dwi Hendratmo},
   SORTNAME = {Romadhony, Ade and Wicaksono, Alfan Farizki and Purwarianti, Ayu and Widyantoro, Dwi Hendratmo},
   TITLE = {A Dense Vector Representation for Open-Domain Relation Tuples}}
@INPROCEEDINGS{RepL4NLP-023,
   AUTHOR = {Yaghoobzadeh, Yadollah and Kann, Katharina and Schütze, Hinrich},
   SORTNAME = {Yaghoobzadeh, Yadollah and Kann, Katharina and Schutze, Hinrich},
   TITLE = {Evaluating Word Embeddings in Multi-label Classification Using Fine-Grained Name Typing}}
@INPROCEEDINGS{RepL4NLP-003,
   AUTHOR = {Gao, Shang and Ramanathan, Arvind and Tourassi, Georgia},
   SORTNAME = {Gao, Shang and Ramanathan, Arvind and Tourassi, Georgia},
   TITLE = {Hierarchical Convolutional Attention Networks for Text Classification}}
@INPROCEEDINGS{RepL4NLP-049,
   AUTHOR = {Ljubešić, Nikola and Fišer, Darja and Peti-Stantić, Anita},
   SORTNAME = {Ljubesic, Nikola and Fiser, Darja and Peti-Stantic, Anita},
   TITLE = {Predicting Concreteness and Imageability of Words Within and Across Languages via Word Embeddings}}
@INPROCEEDINGS{RepL4NLP-040,
   AUTHOR = {Liu, Nelson F. and Levy, Omer and Schwartz, Roy and Tan, Chenhao and Smith, Noah A.},
   SORTNAME = {Liu, Nelson F. and Levy, Omer and Schwartz, Roy and Tan, Chenhao and Smith, Noah A.},
   TITLE = {LSTMs Exploit Linguistic Attributes of Data}}
@INPROCEEDINGS{RepL4NLP-013,
   AUTHOR = {Li, Qiuchi and Uprety, Sagar and Wang, Benyou and Song, Dawei},
   SORTNAME = {Li, Qiuchi and Uprety, Sagar and Wang, Benyou and Song, Dawei},
   TITLE = {Quantum-Inspired Complex Word Embedding}}
@INPROCEEDINGS{RepL4NLP-014,
   AUTHOR = {Nishida, Kosuke and Nishida, Kyosuke and Asano, Hisako and Tomita, Junji},
   SORTNAME = {Nishida, Kosuke and Nishida, Kyosuke and Asano, Hisako and Tomita, Junji},
   TITLE = {Natural Language Inference with Definition Embedding Considering Context On the Fly}}
@INPROCEEDINGS{RepL4NLP-022,
   AUTHOR = {Ethayarajh, Kawin and Hirst, Graeme},
   SORTNAME = {Ethayarajh, Kawin and Hirst, Graeme},
   TITLE = {Unsupervised Random Walk Sentence Embeddings: A Strong but Simple Baseline}}
