@INPROCEEDINGS{NEWS-009,
   AUTHOR = {Hardmeier, Christian and Bevacqua, Luca and Lo√°iciga, Sharid and Rohde, Hannah},
   SORTNAME = {Hardmeier, Christian and Bevacqua, Luca and Loaiciga, Sharid and Rohde, Hannah},
   TITLE = {Forms of Anaphoric Reference to Organisational Named Entities: Hoping to widen appeal, they diversified}}
@INPROCEEDINGS{NEWS-011,
   AUTHOR = {Kundu, Soumyadeep and Paul, Sayantan and Pal, Santanu},
   SORTNAME = {Kundu, Soumyadeep and Paul, Sayantan and Pal, Santanu},
   TITLE = {A Deep Learning Based Approach to Transliteration}}
@INPROCEEDINGS{NEWS-007,
   AUTHOR = {Wu, Jiewen and Banchs, Rafael E. and D'Haro, Luis Fernando and Krishnaswamy, Pavitra and Chen, Nancy},
   SORTNAME = {Wu, Jiewen and Banchs, Rafael E. and D'Haro, Luis Fernando and Krishnaswamy, Pavitra and Chen, Nancy},
   TITLE = {Attention-based Semantic Priming for Slot-filling}}
@INPROCEEDINGS{NEWS-016,
   AUTHOR = {Singhania, Snigdha and Nguyen, Minh and Ngo, Gia H and Chen, Nancy},
   SORTNAME = {Singhania, Snigdha and Nguyen, Minh and Ngo, Gia H and Chen, Nancy},
   TITLE = {Statistical Machine Transliteration Baselines for NEWS 2018}}
@INPROCEEDINGS{NEWS-017,
   AUTHOR = {Chen, Nancy and Banchs, Rafael E. and Zhang, Min and Duan, Xiangyu and Li, Haizhou},
   SORTNAME = {Chen, Nancy and Banchs, Rafael E. and Zhang, Min and Duan, Xiangyu and Li, Haizhou},
   TITLE = {Report of NEWS 2018 Named Entity Transliteration Shared Task}}
@INPROCEEDINGS{NEWS-001,
   AUTHOR = {Chen, Nancy and Duan, Xiangyu and Zhang, Min and Banchs, Rafael E. and Li, Haizhou},
   SORTNAME = {Chen, Nancy and Duan, Xiangyu and Zhang, Min and Banchs, Rafael E. and Li, Haizhou},
   TITLE = {NEWS 2018 Whitepaper}}
@INPROCEEDINGS{NEWS-010,
   AUTHOR = {Li, Zhongwei and Wang, Xuancong and Aw, AiTi and Chng, Eng Siong and Li, Haizhou},
   SORTNAME = {Li, Zhongwei and Wang, Xuancong and Aw, AiTi and Chng, Eng Siong and Li, Haizhou},
   TITLE = {Named-Entity Tagging and Domain adaptation for Better Customized Translation}}
@INPROCEEDINGS{NEWS-008,
   AUTHOR = {Singh, Vinay and Vijay, Deepanshu and Akhtar, Syed Sarfaraz and Shrivastava, Manish},
   SORTNAME = {Singh, Vinay and Vijay, Deepanshu and Akhtar, Syed Sarfaraz and Shrivastava, Manish},
   TITLE = {Named Entity Recognition for Hindi-English Code-Mixed Social Media Text}}
@INPROCEEDINGS{NEWS-004,
   AUTHOR = {Lee, Wangjin and Choi, Jinwook},
   SORTNAME = {Lee, Wangjin and Choi, Jinwook},
   TITLE = {Connecting Distant Entities with Induction through Conditional Random Fields for Named Entity Recognition: Precursor-Induced CRF}}
@INPROCEEDINGS{NEWS-003,
   AUTHOR = {Andrew, Judith Jeyafreeda},
   SORTNAME = {Andrew, Judith Jeyafreeda},
   TITLE = {Automatic Extraction of Entities and Relation from Legal Documents}}
@INPROCEEDINGS{NEWS-012,
   AUTHOR = {Najafi, Saeed and Hauer, Bradley and Riyadh, Rashed Rubby and Yu, Leyuan and Kondrak, Grzegorz},
   SORTNAME = {Najafi, Saeed and Hauer, Bradley and Riyadh, Rashed Rubby and Yu, Leyuan and Kondrak, Grzegorz},
   TITLE = {Comparison of Assorted Models for Transliteration}}
@INPROCEEDINGS{NEWS-013,
   AUTHOR = {Grundkiewicz, Roman and Heafield, Kenneth},
   SORTNAME = {Grundkiewicz, Roman and Heafield, Kenneth},
   TITLE = {Neural Machine Translation Techniques for Named Entity Transliteration}}
@INPROCEEDINGS{NEWS-005,
   AUTHOR = {Inan, Emrah and Dikenelli, Oguz},
   SORTNAME = {Inan, Emrah and Dikenelli, Oguz},
   TITLE = {A Sequence Learning Method for Domain-Specific Entity Linking}}
@INPROCEEDINGS{NEWS-014,
   AUTHOR = {Le, Ngoc Tan and Sadat, Fatiha},
   SORTNAME = {Le, Ngoc Tan and Sadat, Fatiha},
   TITLE = {Low-Resource Machine Transliteration Using Recurrent Neural Networks of Asian Languages}}
