@INPROCEEDINGS{RELNLP-011,
   AUTHOR = {Edmiston, Daniel and Stratos, Karl},
   SORTNAME = {Edmiston, Daniel and Stratos, Karl},
   TITLE = {Compositional Morpheme Embeddings with Affixes as Functions and Stems as Arguments}}
@INPROCEEDINGS{RELNLP-006,
   AUTHOR = {Kanayama, Hiroshi and Muraoka, Masayasu and Kohita, Ryosuke},
   SORTNAME = {Kanayama, Hiroshi and Muraoka, Masayasu and Kohita, Ryosuke},
   TITLE = {A neural parser as a direct classifier for head-final languages}}
@INPROCEEDINGS{RELNLP-001,
   AUTHOR = {Maillard, Jean and Clark, Stephen},
   SORTNAME = {Maillard, Jean and Clark, Stephen},
   TITLE = {Latent Tree Learning with Differentiable Parsers: Shift-Reduce Parsing and Chart Parsing}}
@INPROCEEDINGS{RELNLP-010,
   AUTHOR = {Nooralahzadeh, Farhad and Øvrelid, Lilja},
   SORTNAME = {Nooralahzadeh, Farhad and Øvrelid, Lilja},
   TITLE = {Syntactic Dependency Representations in Neural Relation Classification}}
@INPROCEEDINGS{RELNLP-008,
   AUTHOR = {Currey, Anna and Heafield, Kenneth},
   SORTNAME = {Currey, Anna and Heafield, Kenneth},
   TITLE = {Unsupervised Source Hierarchies for Low-Resource Neural Machine Translation}}
@INPROCEEDINGS{RELNLP-003,
   AUTHOR = {Strubell, Emma and McCallum, Andrew},
   SORTNAME = {Strubell, Emma and McCallum, Andrew},
   TITLE = {Syntax Helps ELMo Understand Semantics: Is Syntax Still Relevant in a Deep Neural Architecture for SRL?}}
@INPROCEEDINGS{RELNLP-005,
   AUTHOR = {Karpinska, Marzena and Li, Bofang and Rogers, Anna and Drozd, Aleksandr},
   SORTNAME = {Karpinska, Marzena and Li, Bofang and Rogers, Anna and Drozd, Aleksandr},
   TITLE = {Subcharacter Information in Japanese Embeddings: When Is It Worth It?}}
