@INPROCEEDINGS{LTCSS-011,
   AUTHOR = {Wueest, Bruno and Schneider, Gerold and Amsler, Michael},
   SORTNAME = {Wueest, Bruno and Schneider, Gerold and Amsler, Michael},
   TITLE = {Measuring the Public Accountability of New Modes of Governance}}
@INPROCEEDINGS{LTCSS-013,
   AUTHOR = {Morstatter, Fred and Lubold, Nichola and Pon-Barry, Heather and Pfeffer, Jürgen and Liu, Huan},
   SORTNAME = {Morstatter, Fred and Lubold, Nichola and Pon-Barry, Heather and Pfeffer, Jurgen and Liu, Huan},
   TITLE = {Finding Eyewitness Tweets During Crises}}
@INPROCEEDINGS{LTCSS-014,
   AUTHOR = {Lampos, Vasileios and Preoţiuc-Pietro, Daniel and Samangooei, Sina and Gelling, Douwe and Cohn, Trevor},
   SORTNAME = {Lampos, Vasileios and Preotiuc-Pietro, Daniel and Samangooei, Sina and Gelling, Douwe and Cohn, Trevor},
   TITLE = {Extracting Socioeconomic Patterns from the News: Modelling Text and Outlet Importance Jointly}}
@INPROCEEDINGS{LTCSS-016,
   AUTHOR = {Høyland, Bjørn and Godbout, Jean-François and Lapponi, Emanuele and Velldal, Erik},
   SORTNAME = {Høyland, Bjørn and Godbout, Jean-Francois and Lapponi, Emanuele and Velldal, Erik},
   TITLE = {Predicting Party Affiliations from European Parliament Debates}}
@INPROCEEDINGS{LTCSS-018,
   AUTHOR = {Vlachos, Andreas and Riedel, Sebastian},
   SORTNAME = {Vlachos, Andreas and Riedel, Sebastian},
   TITLE = {Fact Checking: Task definition and dataset construction}}
@INPROCEEDINGS{LTCSS-019,
   AUTHOR = {Beller, Charley and Harman, Craig and Van Durme, Benjamin},
   SORTNAME = {Beller, Charley and Harman, Craig and Van Durme, Benjamin},
   TITLE = {Predicting Fine-grained Social Roles with Selectional Preferences}}
@INPROCEEDINGS{LTCSS-020,
   AUTHOR = {Prabhakaran, Vinodkumar and Arora, Ashima and Rambow, Owen},
   SORTNAME = {Prabhakaran, Vinodkumar and Arora, Ashima and Rambow, Owen},
   TITLE = {Power of Confidence: How Poll Scores Impact Topic Dynamics in Political Debates}}
@INPROCEEDINGS{LTCSS-022,
   AUTHOR = {Boon, Miriam},
   SORTNAME = {Boon, Miriam},
   TITLE = {Information density, Heaps’ Law, and perception of factiness in news}}
@INPROCEEDINGS{LTCSS-023,
   AUTHOR = {AlTantawy, Mohamed and Rule, Alix and Rambow, Owen and Wang, Zhongyu and Basu, Rupayan},
   SORTNAME = {AlTantawy, Mohamed and Rule, Alix and Rambow, Owen and Wang, Zhongyu and Basu, Rupayan},
   TITLE = {Using Simple NLP Tools to Trace the Globalization of the Art World}}
@INPROCEEDINGS{LTCSS-025,
   AUTHOR = {Smith, Noah A. and Cardie, Claire and Washington, Anne and Wilkerson, John},
   SORTNAME = {Smith, Noah A. and Cardie, Claire and Washington, Anne and Wilkerson, John},
   TITLE = {Overview of the 2014 NLP Unshared Task in PoliInformatics}}
@INPROCEEDINGS{LTCSS-026,
   AUTHOR = {Resnik, Philip},
   SORTNAME = {Resnik, Philip},
   TITLE = {``I Want to Talk About, Again, My Record On Energy ...'': Modeling Agendas and Framing in Political Debates and Other Conversations}}
@INPROCEEDINGS{LTCSS-027,
   AUTHOR = {Boydstun, Amber},
   SORTNAME = {Boydstun, Amber},
   TITLE = {Issue Framing as a Generalizable Phenomenon}}
@INPROCEEDINGS{LTCSS-028,
   AUTHOR = {Chi, Ed},
   SORTNAME = {Chi, Ed},
   TITLE = {Location and Language Use in Social Media}}
@INPROCEEDINGS{LTCSS-029,
   AUTHOR = {Tagliamonte, Sali},
   SORTNAME = {Tagliamonte, Sali},
   TITLE = {Sociolinguistics for Computational Social Science}}
@INPROCEEDINGS{LTCSS-030,
   AUTHOR = {Grimmer, Justin},
   SORTNAME = {Grimmer, Justin},
   TITLE = {Creating and Destroying Party Brands}}
@INPROCEEDINGS{LTCSS-031,
   AUTHOR = {Lee, Lillian},
   SORTNAME = {Lee, Lillian},
   TITLE = {Is It All in the Phrasing? Computational Explorations in How We Say What We Say, and Why It Matters}}
@INPROCEEDINGS{LTCSS-004,
   AUTHOR = {Kim, Yoon and Chiu, Yi-I and Hanaki, Kentaro and Hegde, Darshan and Petrov, Slav},
   SORTNAME = {Kim, Yoon and Chiu, Yi-I and Hanaki, Kentaro and Hegde, Darshan and Petrov, Slav},
   TITLE = {Temporal Analysis of Language through Neural Language Models}}
@INPROCEEDINGS{LTCSS-006,
   AUTHOR = {Chen, Wei},
   SORTNAME = {Chen, Wei},
   TITLE = {Context-based Natural Language Processing for GIS-based Vague Region Visualization}}
@INPROCEEDINGS{LTCSS-007,
   AUTHOR = {Salway, Andrew and Touileb, Samia and Tvinnereim, Endre},
   SORTNAME = {Salway, Andrew and Touileb, Samia and Tvinnereim, Endre},
   TITLE = {Inducing Information Structures for Data-driven Text Analysis}}
@INPROCEEDINGS{LTCSS-009,
   AUTHOR = {Liew, Jasy Suet Yan and McCracken, Nancy and Zhou, Shichun and Crowston, Kevin},
   SORTNAME = {Liew, Jasy Suet Yan and McCracken, Nancy and Zhou, Shichun and Crowston, Kevin},
   TITLE = {Optimizing Features in Active Machine Learning for Complex Qualitative Content Analysis}}
