@INPROCEEDINGS{BioNLP2020-059,
   AUTHOR = {Wang, Ning and Luo, Fan and Peddagangireddy, Vishal and Subbalakshmi, Koduvayur and Chandramouli, Rajarathnam},
   SORTNAME = {Wang, Ning and Luo, Fan and Peddagangireddy, Vishal and Subbalakshmi, Koduvayur and Chandramouli, Rajarathnam},
   TITLE = {Personalized Early Stage Alzheimer's Disease Detection: A Case Study of President Reagan's Speeches}}
@INPROCEEDINGS{BioNLP2020-066,
   AUTHOR = {Paullada, Amandalynne and Percha, Bethany and Cohen, Trevor},
   SORTNAME = {Paullada, Amandalynne and Percha, Bethany and Cohen, Trevor},
   TITLE = {Improving Biomedical Analogical Retrieval with Embedding of Structural Dependencies}}
@INPROCEEDINGS{BioNLP2020-069,
   AUTHOR = {Wang, Yuxia and Liu, Fei and Verspoor, Karin and Baldwin, Timothy},
   SORTNAME = {Wang, Yuxia and Liu, Fei and Verspoor, Karin and Baldwin, Timothy},
   TITLE = {Evaluating the Utility of Model Configurations and Data Augmentation on Clinical Semantic Textual Similarity}}
@INPROCEEDINGS{BioNLP2020-056,
   AUTHOR = {Rios, Anthony and Joshi, Reenam and Shin, Hejin},
   SORTNAME = {Rios, Anthony and Joshi, Reenam and Shin, Hejin},
   TITLE = {Quantifying 60 Years of Gender Bias in Biomedical Research with Word Embeddings}}
@INPROCEEDINGS{BioNLP2020-034,
   AUTHOR = {Mascio, Aurelie and Kraljevic, Zeljko and Bean, Daniel and Dobson, Richard and Stewart, Robert and Bendayan, Rebecca and Roberts, Angus},
   SORTNAME = {Mascio, Aurelie and Kraljevic, Zeljko and Bean, Daniel and Dobson, Richard and Stewart, Robert and Bendayan, Rebecca and Roberts, Angus},
   TITLE = {Comparative Analysis of Text Classification Approaches in Electronic Health Records}}
@INPROCEEDINGS{BioNLP2020-011,
   AUTHOR = {Searle, Thomas and Ibrahim, Zina and Dobson, Richard},
   SORTNAME = {Searle, Thomas and Ibrahim, Zina and Dobson, Richard},
   TITLE = {Experimental Evaluation and Development of a Silver-Standard for the MIMIC-III Clinical Coding Dataset}}
@INPROCEEDINGS{BioNLP2020-007,
   AUTHOR = {Das, Manirupa and Li, Juanxi and Fosler-Lussier, Eric and Lin, Simon and Rust, Steve and Huang, Yungui and Ramnath, Rajiv},
   SORTNAME = {Das, Manirupa and Li, Juanxi and Fosler-Lussier, Eric and Lin, Simon and Rust, Steve and Huang, Yungui and Ramnath, Rajiv},
   TITLE = {Sequence-to-Set Semantic Tagging for Complex Query Reformulation and Automated Text Categorization in Biomedical IR using Self-Attention}}
@INPROCEEDINGS{BioNLP2020-029,
   AUTHOR = {DeYoung, Jay and Lehman, Eric and Nye, Benjamin and Marshall, Iain and Wallace, Byron C.},
   SORTNAME = {DeYoung, Jay and Lehman, Eric and Nye, Benjamin and Marshall, Iain and Wallace, Byron C.},
   TITLE = {Evidence Inference 2.0: More Data, Better Models}}
@INPROCEEDINGS{BioNLP2020-016,
   AUTHOR = {Kovaleva, Olga and Shivade, Chaitanya and Kashyap, Satyananda and Kanjaria, Karina and Wu, Joy and Ballah, Deddeh and Coy, Adam and Karargyris, Alexandros and Guo, Yufan and Beymer, David Beymer and Rumshisky, Anna and Mukherjee, Vandana Mukherjee},
   SORTNAME = {Kovaleva, Olga and Shivade, Chaitanya and Kashyap, Satyananda and Kanjaria, Karina and Wu, Joy and Ballah, Deddeh and Coy, Adam and Karargyris, Alexandros and Guo, Yufan and Beymer, David Beymer and Rumshisky, Anna and Mukherjee, Vandana Mukherjee},
   TITLE = {Towards Visual Dialog for Radiology}}
@INPROCEEDINGS{BioNLP2020-006,
   AUTHOR = {Peng, Yifan and Chen, Qingyu and Lu, Zhiyong},
   SORTNAME = {Peng, Yifan and Chen, Qingyu and Lu, Zhiyong},
   TITLE = {An Empirical Study of Multi-Task Learning on BERT for Biomedical Text Mining}}
@INPROCEEDINGS{BioNLP2020-008,
   AUTHOR = {Chang, David and Balažević, Ivana and Allen, Carl and Chawla, Daniel and Brandt, Cynthia and Taylor, Andrew},
   SORTNAME = {Chang, David and Balazevic, Ivana and Allen, Carl and Chawla, Daniel and Brandt, Cynthia and Taylor, Andrew},
   TITLE = {Benchmark and Best Practices for Biomedical Knowledge Graph Embeddings}}
@INPROCEEDINGS{BioNLP2020-021,
   AUTHOR = {Pappas, Dimitris and Stavropoulos, Petros and Androutsopoulos, Ion and McDonald, Ryan},
   SORTNAME = {Pappas, Dimitris and Stavropoulos, Petros and Androutsopoulos, Ion and McDonald, Ryan},
   TITLE = {BioMRC: A Dataset for Biomedical Machine Reading Comprehension}}
@INPROCEEDINGS{BioNLP2020-036,
   AUTHOR = {Hur, Brian and Baldwin, Timothy and Verspoor, Karin and Hardefeldt, Laura and Gilkerson, James},
   SORTNAME = {Hur, Brian and Baldwin, Timothy and Verspoor, Karin and Hardefeldt, Laura and Gilkerson, James},
   TITLE = {Domain Adaptation and Instance Selection for Disease Syndrome Classification over Veterinary Clinical Notes}}
@INPROCEEDINGS{BioNLP2020-062,
   AUTHOR = {Rawat, Bhanu Pratap Singh and Weng, Wei-Hung and Min, So Yeon and Raghavan, Preethi and Szolovits, Peter},
   SORTNAME = {Rawat, Bhanu Pratap Singh and Weng, Wei-Hung and Min, So Yeon and Raghavan, Preethi and Szolovits, Peter},
   TITLE = {Entity-Enriched Neural Models for Clinical Question Answering}}
@INPROCEEDINGS{BioNLP2020-053,
   AUTHOR = {Taub Tabib, Hillel and Shlain, Micah and Sadde, Shoval and Lahav, Dan and Eyal, Matan and Cohen, Yaara and Goldberg, Yoav},
   SORTNAME = {Taub Tabib, Hillel and Shlain, Micah and Sadde, Shoval and Lahav, Dan and Eyal, Matan and Cohen, Yaara and Goldberg, Yoav},
   TITLE = {Interactive Extractive Search over Biomedical Corpora}}
@INPROCEEDINGS{BioNLP2020-030,
   AUTHOR = {Lin, Chen and Miller, Timothy and Dligach, Dmitriy and Sadeque, Farig and Bethard, Steven and Savova, Guergana},
   SORTNAME = {Lin, Chen and Miller, Timothy and Dligach, Dmitriy and Sadeque, Farig and Bethard, Steven and Savova, Guergana},
   TITLE = {A BERT-based One-Pass Multi-Task Model for Clinical Temporal Relation Extraction}}
@INPROCEEDINGS{BioNLP2020-046,
   AUTHOR = {ShafieiBavani, Elaheh and Jimeno Yepes, Antonio and Zhong, Xu and Martinez Iraola, David},
   SORTNAME = {ShafieiBavani, Elaheh and Jimeno Yepes, Antonio and Zhong, Xu and Martinez Iraola, David},
   TITLE = {Global Locality in Biomedical Relation and Event Extraction}}
@INPROCEEDINGS{BioNLP2020-048,
   AUTHOR = {Koroleva, Anna and Kamath, Sanjay and Bossuyt, Patrick and Paroubek, Patrick},
   SORTNAME = {Koroleva, Anna and Kamath, Sanjay and Bossuyt, Patrick and Paroubek, Patrick},
   TITLE = {DeSpin: a prototype system for detecting spin in biomedical publications}}
@INPROCEEDINGS{BioNLP2020-024,
   AUTHOR = {Bleiweiss, Avi},
   SORTNAME = {Bleiweiss, Avi},
   TITLE = {Neural Transduction of Letter Position Dyslexia using an Anagram Matrix Representation}}
@INPROCEEDINGS{BioNLP2020-023,
   AUTHOR = {Amin, Saadullah and Dunfield, Katherine Ann and Vechkaeva, Anna and Neumann, Guenter},
   SORTNAME = {Amin, Saadullah and Dunfield, Katherine Ann and Vechkaeva, Anna and Neumann, Guenter},
   TITLE = {A Data-driven Approach for Noise Reduction in Distantly Supervised Biomedical Relation Extraction}}
@INPROCEEDINGS{BioNLP2020-040,
   AUTHOR = {Xu, Liyan and Hogan, Julien and Patzer, Rachel E. and Choi, Jinho D.},
   SORTNAME = {Xu, Liyan and Hogan, Julien and Patzer, Rachel E. and Choi, Jinho D.},
   TITLE = {Noise Pollution in Hospital Readmission Prediction: Long Document Classification with Reinforcement Learning}}
@INPROCEEDINGS{BioNLP2020-022,
   AUTHOR = {Nejadgholi, Isar and Fraser, Kathleen C. and de Bruijn, Berry},
   SORTNAME = {Nejadgholi, Isar and Fraser, Kathleen C. and de Bruijn, Berry},
   TITLE = {Extensive Error Analysis and a Learning-Based Evaluation of Medical Entity Recognition Systems to Approximate User Experience}}
