@INPROCEEDINGS{MSR-011,
   AUTHOR = {Singh, Shreyansh and Sharma, Ayush and Chawla, Avi and Singh, A.K.},
   SORTNAME = {Singh, Shreyansh and Sharma, Ayush and Chawla, Avi and Singh, A.K.},
   TITLE = {IIT (BHU) Varanasi at MSR-SRST 2018: A Language Model Based Approach for Natural Language Generation}}
@INPROCEEDINGS{MSR-007,
   AUTHOR = {Puzikov, Yevgeniy and Gurevych, Iryna},
   SORTNAME = {Puzikov, Yevgeniy and Gurevych, Iryna},
   TITLE = {BinLin: A Simple Method of Dependency Tree Linearization}}
@INPROCEEDINGS{MSR-006,
   AUTHOR = {Castro Ferreira, Thiago and Wubben, Sander and Krahmer, Emiel},
   SORTNAME = {Castro Ferreira, Thiago and Wubben, Sander and Krahmer, Emiel},
   TITLE = {Surface Realization Shared Task 2018 (SR18): The Tilburg University Approach}}
@INPROCEEDINGS{MSR-010,
   AUTHOR = {Basile, Valerio and Mazzei, Alessandro},
   SORTNAME = {Basile, Valerio and Mazzei, Alessandro},
   TITLE = {The DipInfo-UniTo system for SRST 2018}}
@INPROCEEDINGS{MSR-008,
   AUTHOR = {Sobrevilla Cabezudo, Marco Antonio and Pardo, Thiago},
   SORTNAME = {Sobrevilla Cabezudo, Marco Antonio and Pardo, Thiago},
   TITLE = {NILC-SWORNEMO at the Surface Realization Shared Task: Exploring Syntax-Based Word Ordering using Neural Models}}
@INPROCEEDINGS{MSR-015,
   AUTHOR = {Mille, Simon and Belz, Anja and Bohnet, Bernd and Graham, Yvette and Pitler, Emily and Wanner, Leo},
   SORTNAME = {Mille, Simon and Belz, Anja and Bohnet, Bernd and Graham, Yvette and Pitler, Emily and Wanner, Leo},
   TITLE = {The First Multilingual Surface Realisation Shared Task (SR'18): Overview and Evaluation Results}}
@INPROCEEDINGS{MSR-012,
   AUTHOR = {King, David and White, Michael},
   SORTNAME = {King, David and White, Michael},
   TITLE = {The OSU Realizer for SRST '18: Neural Sequence-to-Sequence Inflection and Incremental Locality-Based Linearization}}
@INPROCEEDINGS{MSR-002,
   AUTHOR = {Madsack, Andreas and Heininger, Johanna and Davaasambuu, Nyamsuren and Voronik, Vitaliia and Käufl, Michael and Weißgraeber, Robert},
   SORTNAME = {Madsack, Andreas and Heininger, Johanna and Davaasambuu, Nyamsuren and Voronik, Vitaliia and Kaufl, Michael and Weißgraeber, Robert},
   TITLE = {AX Semantics' Submission to the Surface Realization Shared Task 2018}}
@INPROCEEDINGS{MSR-013,
   AUTHOR = {Elder, Henry and Hokamp, Chris},
   SORTNAME = {Elder, Henry and Hokamp, Chris},
   TITLE = {Generating High-Quality Surface Realizations Using Data Augmentation and Factored Sequence Models}}
