@INPROCEEDINGS{ArgMin-010,
   AUTHOR = {Song, Yi and Heilman, Michael and Beigman Klebanov, Beata and Deane, Paul},
   SORTNAME = {Song, Yi and Heilman, Michael and Beigman Klebanov, Beata and Deane, Paul},
   TITLE = {Applying Argumentation Schemes for Essay Scoring}}
@INPROCEEDINGS{ArgMin-011,
   AUTHOR = {Lawrence, John and Reed, Chris and Allen, Colin and McAlister, Simon and Ravenscroft, Andrew},
   SORTNAME = {Lawrence, John and Reed, Chris and Allen, Colin and McAlister, Simon and Ravenscroft, Andrew},
   TITLE = {Mining Arguments From 19th Century Philosophical Texts Using Topic Based Modelling}}
@INPROCEEDINGS{ArgMin-012,
   AUTHOR = {Ong, Nathan and Litman, Diane and Brusilovsky, Alexandra},
   SORTNAME = {Ong, Nathan and Litman, Diane and Brusilovsky, Alexandra},
   TITLE = {Ontology-Based Argument Mining and Automatic Essay Scoring}}
@INPROCEEDINGS{ArgMin-013,
   AUTHOR = {Trevisan, Bianka and Dickmeis, Eva and Jakobs, Eva-Maria and Niehr, Thomas},
   SORTNAME = {Trevisan, Bianka and Dickmeis, Eva and Jakobs, Eva-Maria and Niehr, Thomas},
   TITLE = {Indicators of Argument-conclusion Relationships. An Approach for Argumentation Mining in German Discourses}}
@INPROCEEDINGS{ArgMin-014,
   AUTHOR = {Park, Joonsuk and Cardie, Claire},
   SORTNAME = {Park, Joonsuk and Cardie, Claire},
   TITLE = {Identifying Appropriate Support for Propositions in Online User Comments}}
@INPROCEEDINGS{ArgMin-016,
   AUTHOR = {Peldszus, Andreas},
   SORTNAME = {Peldszus, Andreas},
   TITLE = {Towards segment-based recognition of argumentation structure in short texts}}
@INPROCEEDINGS{ArgMin-017,
   AUTHOR = {Schneider, Jodi},
   SORTNAME = {Schneider, Jodi},
   TITLE = {Automated argumentation mining to the rescue? Envisioning argumentation and decision-making support for debates in open online collaboration communities}}
@INPROCEEDINGS{ArgMin-018,
   AUTHOR = {Houngbo, Hospice and Mercer, Robert},
   SORTNAME = {Houngbo, Hospice and Mercer, Robert},
   TITLE = {An automated method to build a corpus of rhetorically-classified sentences in biomedical texts}}
@INPROCEEDINGS{ArgMin-019,
   AUTHOR = {Mao, Fiona and Mercer, Robert and Xiao, Lu},
   SORTNAME = {Mao, Fiona and Mercer, Robert and Xiao, Lu},
   TITLE = {Extracting Imperatives from Wikipedia Article for Deletion Discussions}}
@INPROCEEDINGS{ArgMin-020,
   AUTHOR = {Ghosh, Debanjan and Muresan, Smaranda and Wacholder, Nina and Aakhus, Mark and Mitsui, Matthew},
   SORTNAME = {Ghosh, Debanjan and Muresan, Smaranda and Wacholder, Nina and Aakhus, Mark and Mitsui, Matthew},
   TITLE = {Analyzing Argumentative Discourse Units in Online Interactions}}
@INPROCEEDINGS{ArgMin-021,
   AUTHOR = {Boltužić, Filip and Šnajder, Jan},
   SORTNAME = {Boltuzic, Filip and Snajder, Jan},
   TITLE = {Back up your Stance: Recognizing Arguments in Online Discussions}}
@INPROCEEDINGS{ArgMin-003,
   AUTHOR = {Kang, Juyeon and Saint-Dizier, Patrick},
   SORTNAME = {Kang, Juyeon and Saint-Dizier, Patrick},
   TITLE = {Requirement Mining in Technical Documents}}
@INPROCEEDINGS{ArgMin-004,
   AUTHOR = {Green, Nancy},
   SORTNAME = {Green, Nancy},
   TITLE = {Towards Creation of a Corpus for Argumentation Mining the Biomedical Genetics Research Literature}}
@INPROCEEDINGS{ArgMin-005,
   AUTHOR = {Aharoni, Ehud and Polnarov, Anatoly and Lavee, Tamar and Hershcovich, Daniel and Levy, Ran and Rinott, Ruty and Gutfreund, Dan and Slonim, Noam},
   SORTNAME = {Aharoni, Ehud and Polnarov, Anatoly and Lavee, Tamar and Hershcovich, Daniel and Levy, Ran and Rinott, Ruty and Gutfreund, Dan and Slonim, Noam},
   TITLE = {A Benchmark Dataset for Automatic Detection of Claims and Evidence in the Context of Controversial Topics}}
@INPROCEEDINGS{ArgMin-006,
   AUTHOR = {Walker, Vern and Vazirova, Karina and Sanford, Cass},
   SORTNAME = {Walker, Vern and Vazirova, Karina and Sanford, Cass},
   TITLE = {Annotating Patterns of Reasoning about Medical Theories of Causation in Vaccine Cases: Toward a Type System for Arguments}}
@INPROCEEDINGS{ArgMin-007,
   AUTHOR = {Graves, Heather and Graves, Roger and Mercer, Robert and Akter, Mahzereen},
   SORTNAME = {Graves, Heather and Graves, Roger and Mercer, Robert and Akter, Mahzereen},
   TITLE = {Titles That Announce Argumentative Claims in Biomedical Research Articles}}
@INPROCEEDINGS{ArgMin-008,
   AUTHOR = {Ibn Faiz, Syeed and Mercer, Robert},
   SORTNAME = {Ibn Faiz, Syeed and Mercer, Robert},
   TITLE = {Extracting Higher Order Relations From Biomedical Text}}
@INPROCEEDINGS{ArgMin-009,
   AUTHOR = {Hernández A., Myriam and Gómez, José M.},
   SORTNAME = {Hernandez A., Myriam and Gomez, Jose M.},
   TITLE = {Survey in sentiment, polarity and function analysis of citation}}
