@INPROCEEDINGS{BioNLP-001,
   AUTHOR = {Fraser, Kathleen C. and Hirst, Graeme and Meltzer, Jed A. and Mack, Jennifer E. and Thompson, Cynthia K.},
   SORTNAME = {Fraser, Kathleen C. and Hirst, Graeme and Meltzer, Jed A. and Mack, Jennifer E. and Thompson, Cynthia K.},
   TITLE = {Using statistical parsing to detect agrammatic aphasia}}
@INPROCEEDINGS{BioNLP-010,
   AUTHOR = {Preiss, Judita},
   SORTNAME = {Preiss, Judita},
   TITLE = {Seeking Informativeness in Literature Based Discovery}}
@INPROCEEDINGS{BioNLP-011,
   AUTHOR = {Leaman, Robert and Lu, Zhiyong},
   SORTNAME = {Leaman, Robert and Lu, Zhiyong},
   TITLE = {Automated Disease Normalization with Low Rank Approximations}}
@INPROCEEDINGS{BioNLP-012,
   AUTHOR = {Yu, Bei},
   SORTNAME = {Yu, Bei},
   TITLE = {Classifying Negative Findings in Biomedical Publications}}
@INPROCEEDINGS{BioNLP-014,
   AUTHOR = {Segura-Bedmar, Isabel and de la Peña González, Santiago and Martínez, Paloma},
   SORTNAME = {Segura-Bedmar, Isabel and de la Pena Gonzalez, Santiago and Martinez, Paloma},
   TITLE = {Extracting drug indications and adverse drug reactions from Spanish health social media}}
@INPROCEEDINGS{BioNLP-015,
   AUTHOR = {Osborne, Richard and Aronson, Alan and Cohen, Kevin},
   SORTNAME = {Osborne, Richard and Aronson, Alan and Cohen, Kevin},
   TITLE = {A repository of semantic types in the MIMIC II database clinical notes}}
@INPROCEEDINGS{BioNLP-016,
   AUTHOR = {Hailu, Negacy and Panteleyeva, Natalya and Cohen, Kevin},
   SORTNAME = {Hailu, Negacy and Panteleyeva, Natalya and Cohen, Kevin},
   TITLE = {Temporal Expression Recognition for Cell Cycle Phase Concepts in Biomedical Literature}}
@INPROCEEDINGS{BioNLP-017,
   AUTHOR = {Tahsin, Tasnia and Rivera, Robert and Beard, Rachel and Lauder, Rob and Weissenbacher, Davy and Scotch, Matthew and Wallstrom, Garrick and Gonzalez, Graciela},
   SORTNAME = {Tahsin, Tasnia and Rivera, Robert and Beard, Rachel and Lauder, Rob and Weissenbacher, Davy and Scotch, Matthew and Wallstrom, Garrick and Gonzalez, Graciela},
   TITLE = {Natural Language Processing Methods for Enhancing Geographic Metadata for Phylogeography of Zoonotic Viruses}}
@INPROCEEDINGS{BioNLP-018,
   AUTHOR = {Velupillai, Sumithra},
   SORTNAME = {Velupillai, Sumithra},
   TITLE = {Temporal Expressions in Swedish Medical Text – A Pilot Study}}
@INPROCEEDINGS{BioNLP-019,
   AUTHOR = {Roberts, Kirk and Kilicoglu, Halil and Fiszman, Marcelo and Demner-Fushman, Dina},
   SORTNAME = {Roberts, Kirk and Kilicoglu, Halil and Fiszman, Marcelo and Demner-Fushman, Dina},
   TITLE = {Decomposing Consumer Health Questions}}
@INPROCEEDINGS{BioNLP-002,
   AUTHOR = {Sheikhshab, Golnar and Shafran, Izhak and Kaye, Jeffrey},
   SORTNAME = {Sheikhshab, Golnar and Shafran, Izhak and Kaye, Jeffrey},
   TITLE = {Detecting Health Related Discussions in Everyday Telephone Conversations for Studying Medical Events in the Lives of Older Adults}}
@INPROCEEDINGS{BioNLP-020,
   AUTHOR = {Kilicoglu, Halil and Demner-Fushman, Dina},
   SORTNAME = {Kilicoglu, Halil and Demner-Fushman, Dina},
   TITLE = {Coreference Resolution for Structured Drug Product Labels}}
@INPROCEEDINGS{BioNLP-021,
   AUTHOR = {Mowery, Danielle and Ross, Mindy and Velupillai, Sumithra and Meystre, Stephane and Wiebe, Janyce and Chapman, Wendy},
   SORTNAME = {Mowery, Danielle and Ross, Mindy and Velupillai, Sumithra and Meystre, Stephane and Wiebe, Janyce and Chapman, Wendy},
   TITLE = {Generating Patient Problem Lists from the ShARe Corpus using SNOMED CT/SNOMED CT CORE Problem List}}
@INPROCEEDINGS{BioNLP-003,
   AUTHOR = {Savkov, Aleksandar and Carroll, John and Cassell, Jackie},
   SORTNAME = {Savkov, Aleksandar and Carroll, John and Cassell, Jackie},
   TITLE = {Chunking Clinical Text Containing Non-Canonical Language}}
@INPROCEEDINGS{BioNLP-004,
   AUTHOR = {Karami, Amir and Gangopadhyay, Aryya},
   SORTNAME = {Karami, Amir and Gangopadhyay, Aryya},
   TITLE = {FFTM: A Fuzzy Feature Transformation Method for Medical Documents}}
@INPROCEEDINGS{BioNLP-005,
   AUTHOR = {Hartung, Matthias and Klinger, Roman and Zwick, Matthias and Cimiano, Philipp},
   SORTNAME = {Hartung, Matthias and Klinger, Roman and Zwick, Matthias and Cimiano, Philipp},
   TITLE = {Towards Gene Recognition from Rare and Ambiguous Abbreviations using a Filtering Approach}}
@INPROCEEDINGS{BioNLP-006,
   AUTHOR = {Subotin, Michael and Davis, Anthony},
   SORTNAME = {Subotin, Michael and Davis, Anthony},
   TITLE = {A System for Predicting ICD-10-PCS Codes from Electronic Health Records}}
@INPROCEEDINGS{BioNLP-007,
   AUTHOR = {Roberts, Kirk and Harabagiu, Sanda and Skinner, Michael},
   SORTNAME = {Roberts, Kirk and Harabagiu, Sanda and Skinner, Michael},
   TITLE = {Structuring Operative Notes using Active Learning}}
@INPROCEEDINGS{BioNLP-008,
   AUTHOR = {Martin, Laure and Battistelli, Delphine and Charnois, Thierry},
   SORTNAME = {Martin, Laure and Battistelli, Delphine and Charnois, Thierry},
   TITLE = {Symptom extraction issue}}
@INPROCEEDINGS{BioNLP-009,
   AUTHOR = {Hochberg, Limor and Ovesdotter Alm, Cecilia and Rantanen, Esa M. and DeLong, Caroline M. and Haake, Anne},
   SORTNAME = {Hochberg, Limor and Ovesdotter Alm, Cecilia and Rantanen, Esa M. and DeLong, Caroline M. and Haake, Anne},
   TITLE = {Decision Style in a Clinical Reasoning Corpus}}
