@INPROCEEDINGS{bea-050,
   AUTHOR = {Wang, Yiyi and Prud'hommeaux, Emily and Asgari, Meysam and Dolata, Jill},
   SORTNAME = {Wang, Yiyi and Prud'hommeaux, Emily and Asgari, Meysam and Dolata, Jill},
   TITLE = {Automated Scoring of Clinical Expressive Language Evaluation Tasks}}
@INPROCEEDINGS{bea-032,
   AUTHOR = {Mayfield, Elijah and Black, Alan W},
   SORTNAME = {Mayfield, Elijah and Black, Alan W},
   TITLE = {Should You Fine-Tune BERT for Automated Essay Scoring?}}
@INPROCEEDINGS{bea-035,
   AUTHOR = {Mathias, Sandeep and Bhattacharyya, Pushpak},
   SORTNAME = {Mathias, Sandeep and Bhattacharyya, Pushpak},
   TITLE = {Can Neural Networks Automatically Score Essay Traits?}}
@INPROCEEDINGS{bea-051,
   AUTHOR = {Ehara, Yo},
   SORTNAME = {Ehara, Yo},
   TITLE = {Interpreting Neural CWI Classifiers' Weights as Vocabulary Size}}
@INPROCEEDINGS{bea-020,
   AUTHOR = {Afrin, Tazin and Wang, Elaine Lin and Litman, Diane and Matsumura, Lindsay Clare and Correnti, Richard},
   SORTNAME = {Afrin, Tazin and Wang, Elaine Lin and Litman, Diane and Matsumura, Lindsay Clare and Correnti, Richard},
   TITLE = {Annotation and Classification of Evidence and Reasoning Revisions in Argumentative Writing}}
@INPROCEEDINGS{bea-018,
   AUTHOR = {Stasaski, Katherine and Kao, Kimberly and Hearst, Marti A.},
   SORTNAME = {Stasaski, Katherine and Kao, Kimberly and Hearst, Marti A.},
   TITLE = {CIMA: A Large Open Access Dialogue Dataset for Tutoring}}
@INPROCEEDINGS{bea-009,
   AUTHOR = {Omelianchuk, Kostiantyn and Atrasevych, Vitaliy and Chernodub, Artem and Skurzhanskyi, Oleksandr},
   SORTNAME = {Omelianchuk, Kostiantyn and Atrasevych, Vitaliy and Chernodub, Artem and Skurzhanskyi, Oleksandr},
   TITLE = {GECToR --- Grammatical Error Correction: Tag, Not Rewrite}}
@INPROCEEDINGS{bea-007,
   AUTHOR = {Deutsch, Tovly and Jasbi, Masoud and Shieber, Stuart},
   SORTNAME = {Deutsch, Tovly and Jasbi, Masoud and Shieber, Stuart},
   TITLE = {Linguistic Features for Readability Assessment}}
@INPROCEEDINGS{bea-029,
   AUTHOR = {Kerz, Elma and Qiao, Yu and Wiechmann, Daniel and Ströbel, Marcus},
   SORTNAME = {Kerz, Elma and Qiao, Yu and Wiechmann, Daniel and Strobel, Marcus},
   TITLE = {Becoming Linguistically Mature: Modeling English and German Children's Writing Development Across School Grades}}
@INPROCEEDINGS{bea-042,
   AUTHOR = {White, Max and Rozovskaya, Alla},
   SORTNAME = {White, Max and Rozovskaya, Alla},
   TITLE = {A Comparative Study of Synthetic Data Generation Methods for Grammatical Error Correction}}
@INPROCEEDINGS{bea-028,
   AUTHOR = {Hellman, Scott and Murray, William and Wiemerslage, Adam and Rosenstein, Mark and Foltz, Peter and Becker, Lee and Derr, Marcia},
   SORTNAME = {Hellman, Scott and Murray, William and Wiemerslage, Adam and Rosenstein, Mark and Foltz, Peter and Becker, Lee and Derr, Marcia},
   TITLE = {Multiple Instance Learning for Content Feedback Localization without Annotation}}
@INPROCEEDINGS{bea-001,
   AUTHOR = {González-López, Samuel and Bethard, Steven and Lopez-Lopez, Aurelio},
   SORTNAME = {Gonzalez-Lopez, Samuel and Bethard, Steven and Lopez-Lopez, Aurelio},
   TITLE = {Assisting Undergraduate Students in Writing Spanish Methodology Sections}}
@INPROCEEDINGS{bea-019,
   AUTHOR = {Ghosh, Debanjan and Beigman Klebanov, Beata and Song, Yi},
   SORTNAME = {Ghosh, Debanjan and Beigman Klebanov, Beata and Song, Yi},
   TITLE = {An Exploratory Study of Argumentative Writing by Young Students: A transformer-based Approach}}
@INPROCEEDINGS{bea-008,
   AUTHOR = {Loukina, Anastassia and Madnani, Nitin and Cahill, Aoife and Yao, Lili and Johnson, Matthew S. and Riordan, Brian and McCaffrey, Daniel F.},
   SORTNAME = {Loukina, Anastassia and Madnani, Nitin and Cahill, Aoife and Yao, Lili and Johnson, Matthew S. and Riordan, Brian and McCaffrey, Daniel F.},
   TITLE = {Using PRMSE to evaluate automated scoring systems in the presence of label noise}}
@INPROCEEDINGS{bea-044,
   AUTHOR = {Gao, Lingyu and Gimpel, Kevin and Jensson, Arnar},
   SORTNAME = {Gao, Lingyu and Gimpel, Kevin and Jensson, Arnar},
   TITLE = {Distractor Analysis and Selection for Multiple-Choice Cloze Questions for Second-Language Learners}}
@INPROCEEDINGS{bea-036,
   AUTHOR = {Riordan, Brian and Bichler, Sarah and Bradford, Allison and King Chen, Jennifer and Wiley, Korah and Gerard, Libby and C. Linn, Marcia},
   SORTNAME = {Riordan, Brian and Bichler, Sarah and Bradford, Allison and King Chen, Jennifer and Wiley, Korah and Gerard, Libby and C. Linn, Marcia},
   TITLE = {An empirical investigation of neural methods for content scoring of science explanations}}
@INPROCEEDINGS{bea-031,
   AUTHOR = {Raina, Vatsal and Gales, Mark and Knill, Kate},
   SORTNAME = {Raina, Vatsal and Gales, Mark and Knill, Kate},
   TITLE = {Complementary Systems for Off-Topic Spoken Response Detection}}
@INPROCEEDINGS{bea-041,
   AUTHOR = {Xue, Kang and Yaneva, Victoria and Runyon, Christopher and Baldwin, Peter},
   SORTNAME = {Xue, Kang and Yaneva, Victoria and Runyon, Christopher and Baldwin, Peter},
   TITLE = {Predicting the Difficulty and Response Time of Multiple Choice Questions Using Transfer Learning}}
@INPROCEEDINGS{bea-003,
   AUTHOR = {Maxwelll-Smith, Zara and González Ochoa, Simón and Foley, Ben and Suominen, Hanna},
   SORTNAME = {Maxwelll-Smith, Zara and Gonzalez Ochoa, Simon and Foley, Ben and Suominen, Hanna},
   TITLE = {Applications of Natural Language Processing in Bilingual Language Teaching: An Indonesian-English Case Study}}
@INPROCEEDINGS{bea-040,
   AUTHOR = {Cahill, Aoife and Fife, James H and Riordan, Brian and Vajpayee, Avijit and Galochkin, Dmytro},
   SORTNAME = {Cahill, Aoife and Fife, James H and Riordan, Brian and Vajpayee, Avijit and Galochkin, Dmytro},
   TITLE = {Context-based Automated Scoring of Complex Mathematical Responses}}
@INPROCEEDINGS{bea-022,
   AUTHOR = {Miaschi, Alessio and Davidson, Sam and Brunato, Dominique and Dell'Orletta, Felice and Sagae, Kenji and Sanchez-Gutierrez, Claudia Helena and Venturi, Giulia},
   SORTNAME = {Miaschi, Alessio and Davidson, Sam and Brunato, Dominique and Dell'Orletta, Felice and Sagae, Kenji and Sanchez-Gutierrez, Claudia Helena and Venturi, Giulia},
   TITLE = {Tracking the Evolution of Written Language Competence in L2 Spanish Learners}}
