@INPROCEEDINGS{ECONLP-009,
   AUTHOR = {Theil, Christoph Kilian and Stajner, Sanja and Stuckenschmidt, Heiner},
   SORTNAME = {Theil, Christoph Kilian and Stajner, Sanja and Stuckenschmidt, Heiner},
   TITLE = {Word Embeddings-Based Uncertainty Detection in Financial Disclosures}}
@INPROCEEDINGS{ECONLP-011,
   AUTHOR = {Daudert, Tobias and Buitelaar, Paul and Negi, Sapna},
   SORTNAME = {Daudert, Tobias and Buitelaar, Paul and Negi, Sapna},
   TITLE = {Leveraging News Sentiment to Improve Microblog Sentiment Classification in the Financial Domain}}
@INPROCEEDINGS{ECONLP-007,
   AUTHOR = {Lai, Tuan and Bui, Trung and Li, Sheng and Lipka, Nedim},
   SORTNAME = {Lai, Tuan and Bui, Trung and Li, Sheng and Lipka, Nedim},
   TITLE = {A Simple End-to-End Question Answering Model for Product Information}}
@INPROCEEDINGS{ECONLP-004,
   AUTHOR = {Mansar, Youness and Ferradans, Sira},
   SORTNAME = {Mansar, Youness and Ferradans, Sira},
   TITLE = {Sentence Classification for Investment Rules Detection}}
@INPROCEEDINGS{ECONLP-015,
   AUTHOR = {Gaillat, Thomas and Stearns, Bernardo and Sridhar, Gopal and McDermott, Ross and Zarrouk, Manel and Davis, Brian},
   SORTNAME = {Gaillat, Thomas and Stearns, Bernardo and Sridhar, Gopal and McDermott, Ross and Zarrouk, Manel and Davis, Brian},
   TITLE = {Implicit and Explicit Aspect Extraction in Financial Microblogs}}
@INPROCEEDINGS{ECONLP-003,
   AUTHOR = {Händschke, Sebastian G.M. and Buechel, Sven and Goldenstein, Jan and Poschmann, Philipp and Duan, Tinghui and Walgenbach, Peter and Hahn, Udo},
   SORTNAME = {Handschke, Sebastian G.M. and Buechel, Sven and Goldenstein, Jan and Poschmann, Philipp and Duan, Tinghui and Walgenbach, Peter and Hahn, Udo},
   TITLE = {A Corpus of Corporate Annual and Social Responsibility Reports: 280 Million Tokens of Balanced Organizational Writing}}
@INPROCEEDINGS{ECONLP-012,
   AUTHOR = {Tabari, Narges and Biswas, Piyusha and Praneeth, Bhanu and Seyeditabari, Armin and Hadzikadic, Mirsad and Zadrozny, Wlodek},
   SORTNAME = {Tabari, Narges and Biswas, Piyusha and Praneeth, Bhanu and Seyeditabari, Armin and Hadzikadic, Mirsad and Zadrozny, Wlodek},
   TITLE = {Causality Analysis of Twitter Sentiments and Stock Market Returns}}
@INPROCEEDINGS{ECONLP-002,
   AUTHOR = {Jacobs, Gilles and Lefever, Els and Hoste, Véronique},
   SORTNAME = {Jacobs, Gilles and Lefever, Els and Hoste, Veronique},
   TITLE = {Economic Event Detection in Company-Specific News Text}}
@INPROCEEDINGS{ECONLP-013,
   AUTHOR = {Balashankar, Ananth and Chakraborty, Sunandan and Subramanian, Lakshminarayanan},
   SORTNAME = {Balashankar, Ananth and Chakraborty, Sunandan and Subramanian, Lakshminarayanan},
   TITLE = {Unsupervised Word Influencer Networks from News Streams}}
