@INPROCEEDINGS{flp-050,
   AUTHOR = {Dong, Xiangjue and Li, Changmao and Choi, Jinho D.},
   SORTNAME = {Dong, Xiangjue and Li, Changmao and Choi, Jinho D.},
   TITLE = {Transformer-based Context-aware Sarcasm Detection in Conversation Threads from Social Media}}
@INPROCEEDINGS{flp-032,
   AUTHOR = {Li, Shuqun and Zeng, Jingjie and Zhang, Jinhui and Peng, Tao and Yang, Liang and Lin, Hongfei},
   SORTNAME = {Li, Shuqun and Zeng, Jingjie and Zhang, Jinhui and Peng, Tao and Yang, Liang and Lin, Hongfei},
   TITLE = {ALBERT-BiLSTM for Sequential Metaphor Detection}}
@INPROCEEDINGS{flp-035,
   AUTHOR = {Alnafesah, Ghadi and Tayyar Madabushi, Harish and Lee, Mark},
   SORTNAME = {Alnafesah, Ghadi and Tayyar Madabushi, Harish and Lee, Mark},
   TITLE = {Augmenting Neural Metaphor Detection with Concreteness}}
@INPROCEEDINGS{flp-051,
   AUTHOR = {Stemle, Egon and Onysko, Alexander},
   SORTNAME = {Stemle, Egon and Onysko, Alexander},
   TITLE = {Testing the role of metadata in metaphor identification}}
@INPROCEEDINGS{flp-034,
   AUTHOR = {A, kalaivani and D, Thenmozhi},
   SORTNAME = {A, kalaivani and D, Thenmozhi},
   TITLE = {Sarcasm Identification and Detection in Conversion Context using BERT}}
@INPROCEEDINGS{flp-033,
   AUTHOR = {Kumar, Tarun and Sharma, Yashvardhan},
   SORTNAME = {Kumar, Tarun and Sharma, Yashvardhan},
   TITLE = {Character aware models with similarity learning for metaphor detection}}
@INPROCEEDINGS{flp-020,
   AUTHOR = {Weller, Orion and Fulda, Nancy and Seppi, Kevin},
   SORTNAME = {Weller, Orion and Fulda, Nancy and Seppi, Kevin},
   TITLE = {Can Humor Prediction Datasets be used for Humor Generation? Humorous Headline Generation via Style Transfer}}
@INPROCEEDINGS{flp-018,
   AUTHOR = {Lemmens, Jens and Burtenshaw, Ben and Lotfi, Ehsan and Markov, Ilia and Daelemans, Walter},
   SORTNAME = {Lemmens, Jens and Burtenshaw, Ben and Lotfi, Ehsan and Markov, Ilia and Daelemans, Walter},
   TITLE = {Sarcasm Detection Using an Ensemble Approach}}
@INPROCEEDINGS{flp-011,
   AUTHOR = {Horvitz, Zachary and Do, Nam and Littman, Michael L.},
   SORTNAME = {Horvitz, Zachary and Do, Nam and Littman, Michael L.},
   TITLE = {Context-Driven Satirical News Generation}}
@INPROCEEDINGS{flp-042,
   AUTHOR = {Dankers, Verna and Malhotra, Karan and Kudva, Gaurav and Medentsiy, Volodymyr and Shutova, Ekaterina},
   SORTNAME = {Dankers, Verna and Malhotra, Karan and Kudva, Gaurav and Medentsiy, Volodymyr and Shutova, Ekaterina},
   TITLE = {Being neighbourly: Neural metaphor identification in discourse}}
@INPROCEEDINGS{flp-017,
   AUTHOR = {Su, Chuandong and Fukumoto, Fumiyo and Huang, Xiaoxi and Li, Jiyi and Wang, Rongbo and Chen, Zhiqun},
   SORTNAME = {Su, Chuandong and Fukumoto, Fumiyo and Huang, Xiaoxi and Li, Jiyi and Wang, Rongbo and Chen, Zhiqun},
   TITLE = {DeepMet: A Reading Comprehension Paradigm for Token-level Metaphor Detection}}
@INPROCEEDINGS{flp-010,
   AUTHOR = {Zayed, Omnia and McCrae, John Philip and Buitelaar, Paul},
   SORTNAME = {Zayed, Omnia and McCrae, John Philip and Buitelaar, Paul},
   TITLE = {Adaptation of Word-Level Benchmark Datasets for Relation-Level Metaphor Identification}}
@INPROCEEDINGS{flp-019,
   AUTHOR = {DADU, TANVI and Pant, Kartikey},
   SORTNAME = {DADU, TANVI and Pant, Kartikey},
   TITLE = {Sarcasm Detection using Context Separators in Online Discourse}}
@INPROCEEDINGS{flp-026,
   AUTHOR = {Torres Rivera, Andr√©s and Oliver, Antoni and Climent, Salvador and Coll-Florit, Marta},
   SORTNAME = {Torres Rivera, Andres and Oliver, Antoni and Climent, Salvador and Coll-Florit, Marta},
   TITLE = {Neural Metaphor Detection with a Residual biLSTM-CRF Model}}
@INPROCEEDINGS{flp-008,
   AUTHOR = {Gong, Hongyu and Gupta, Kshitij and Jain, Akriti and Bhat, Suma},
   SORTNAME = {Gong, Hongyu and Gupta, Kshitij and Jain, Akriti and Bhat, Suma},
   TITLE = {IlliniMet: Illinois System for Metaphor Detection with Contextual and Linguistic Information}}
@INPROCEEDINGS{flp-021,
   AUTHOR = {Kuo, Kevin and Carpuat, Marine},
   SORTNAME = {Kuo, Kevin and Carpuat, Marine},
   TITLE = {Evaluating a Bi-LSTM Model for Metaphor Detection in TOEFL Essays}}
@INPROCEEDINGS{flp-044,
   AUTHOR = {Felt, Christian and Riloff, Ellen},
   SORTNAME = {Felt, Christian and Riloff, Ellen},
   TITLE = {Recognizing Euphemisms and Dysphemisms Using Sentiment Analysis}}
@INPROCEEDINGS{flp-043,
   AUTHOR = {Avvaru, Adithya and Vobilisetty, Sanath and Mamidi, Radhika},
   SORTNAME = {Avvaru, Adithya and Vobilisetty, Sanath and Mamidi, Radhika},
   TITLE = {{D}etecting {S}arcasm in {C}onversation {C}ontext {U}sing {T}ransformer-{B}ased {M}odels}}
@INPROCEEDINGS{flp-038,
   AUTHOR = {Kumar, Amardeep and Anand, Vivek},
   SORTNAME = {Kumar, Amardeep and Anand, Vivek},
   TITLE = {Transformers on Sarcasm Detection with Context}}
@INPROCEEDINGS{flp-036,
   AUTHOR = {Jaiswal, Nikhil},
   SORTNAME = {Jaiswal, Nikhil},
   TITLE = {Neural Sarcasm Detection using Conversation Context}}
@INPROCEEDINGS{flp-031,
   AUTHOR = {WAN, Mingyu and Ahrens, Kathleen and Chersoni, Emmanuele and Jiang, Menghan and Su, Qi and Xiang, Rong and Huang, Chu-Ren},
   SORTNAME = {WAN, Mingyu and Ahrens, Kathleen and Chersoni, Emmanuele and Jiang, Menghan and Su, Qi and Xiang, Rong and Huang, Chu-Ren},
   TITLE = {Using Conceptual Norms for Metaphor Detection}}
@INPROCEEDINGS{flp-053,
   AUTHOR = {Ghosh, Debanjan and Vajpayee, Avijit and Muresan, Smaranda},
   SORTNAME = {Ghosh, Debanjan and Vajpayee, Avijit and Muresan, Smaranda},
   TITLE = {A Report on the 2020 Sarcasm Detection Shared Task}}
@INPROCEEDINGS{flp-030,
   AUTHOR = {Shangipour ataei, Taha and Javdan, Soroush and Minaei-Bidgoli, Behrouz},
   SORTNAME = {Shangipour ataei, Taha and Javdan, Soroush and Minaei-Bidgoli, Behrouz},
   TITLE = {Applying Transformers and Aspect-based Sentiment Analysis approaches on Sarcasm Detection}}
@INPROCEEDINGS{flp-037,
   AUTHOR = {Baruah, Arup and Das, Kaushik and Barbhuiya, Ferdous and Dey, Kuntal},
   SORTNAME = {Baruah, Arup and Das, Kaushik and Barbhuiya, Ferdous and Dey, Kuntal},
   TITLE = {Context-Aware Sarcasm Detection Using BERT}}
@INPROCEEDINGS{flp-039,
   AUTHOR = {Srivastava, Himani and Varshney, Vaibhav and Kumari, Surabhi and Srivastava, Saurabh},
   SORTNAME = {Srivastava, Himani and Varshney, Vaibhav and Kumari, Surabhi and Srivastava, Saurabh},
   TITLE = {A Novel Hierarchical BERT Architecture for Sarcasm Detection}}
@INPROCEEDINGS{flp-052,
   AUTHOR = {Leong, Chee Wee (Ben) and Beigman Klebanov, Beata and Hamill, Chris and Stemle, Egon and Ubale, Rutuja and Chen, Xianyang},
   SORTNAME = {Leong, Chee Wee (Ben) and Beigman Klebanov, Beata and Hamill, Chris and Stemle, Egon and Ubale, Rutuja and Chen, Xianyang},
   TITLE = {A Report on the 2020 VUA and TOEFL Metaphor Detection Shared Task}}
@INPROCEEDINGS{flp-046,
   AUTHOR = {Gregory, Hunter and Li, Steven and Mohammadi, Pouya and Tarn, Natalie and Draelos, Rachel and Rudin, Cynthia},
   SORTNAME = {Gregory, Hunter and Li, Steven and Mohammadi, Pouya and Tarn, Natalie and Draelos, Rachel and Rudin, Cynthia},
   TITLE = {A Transformer Approach to Contextual Sarcasm Detection in Twitter}}
@INPROCEEDINGS{flp-041,
   AUTHOR = {Hall Maudslay, Rowan and Pimentel, Tiago and Cotterell, Ryan and Teufel, Simone},
   SORTNAME = {Hall Maudslay, Rowan and Pimentel, Tiago and Cotterell, Ryan and Teufel, Simone},
   TITLE = {Metaphor Detection using Context and Concreteness}}
@INPROCEEDINGS{flp-048,
   AUTHOR = {Brooks, Jennifer and Youssef, Abdou},
   SORTNAME = {Brooks, Jennifer and Youssef, Abdou},
   TITLE = {Metaphor Detection using Ensembles of Bidirectional Recurrent Neural Networks}}
@INPROCEEDINGS{flp-024,
   AUTHOR = {Bizzoni, Yuri and Dobnik, Simon},
   SORTNAME = {Bizzoni, Yuri and Dobnik, Simon},
   TITLE = {Sky + Fire = Sunset. Exploring Parallels between Visually Grounded Metaphors and Image Classifiers}}
@INPROCEEDINGS{flp-023,
   AUTHOR = {Khatri, Akshay and P, Pranav},
   SORTNAME = {Khatri, Akshay and P, Pranav},
   TITLE = {Sarcasm Detection in Tweets with BERT and GloVe Embeddings}}
@INPROCEEDINGS{flp-015,
   AUTHOR = {La Pietra, Marta and Masini, Francesca},
   SORTNAME = {La Pietra, Marta and Masini, Francesca},
   TITLE = {Oxymorons: a preliminary corpus investigation}}
@INPROCEEDINGS{flp-049,
   AUTHOR = {Liu, Jerry and O'Hara, Nathan and Rubin, Alexander and Draelos, Rachel and Rudin, Cynthia},
   SORTNAME = {Liu, Jerry and O'Hara, Nathan and Rubin, Alexander and Draelos, Rachel and Rudin, Cynthia},
   TITLE = {Metaphor Detection Using Contextual Word Embeddings From Transformers}}
@INPROCEEDINGS{flp-040,
   AUTHOR = {Ehren, Rafael and Lichte, Timm and Kallmeyer, Laura and Waszczuk, Jakub},
   SORTNAME = {Ehren, Rafael and Lichte, Timm and Kallmeyer, Laura and Waszczuk, Jakub},
   TITLE = {Supervised Disambiguation of German Verbal Idioms with a BiLSTM Architecture}}
@INPROCEEDINGS{flp-047,
   AUTHOR = {Chen, Xianyang and Leong, Chee Wee (Ben) and Flor, Michael and Beigman Klebanov, Beata},
   SORTNAME = {Chen, Xianyang and Leong, Chee Wee (Ben) and Flor, Michael and Beigman Klebanov, Beata},
   TITLE = {Go Figure! Multi-task transformer-based architecture for metaphor detection using idioms: ETS team in 2020 metaphor shared task}}
@INPROCEEDINGS{flp-014,
   AUTHOR = {Strzalkowski, Tomek and Newheiser, Anna and Kemper, Nathan and Sa, Ning and Acharya, Bharvee and Katsios, Gregorios},
   SORTNAME = {Strzalkowski, Tomek and Newheiser, Anna and Kemper, Nathan and Sa, Ning and Acharya, Bharvee and Katsios, Gregorios},
   TITLE = {Generating Ethnographic Models from Communities' Online Data}}
@INPROCEEDINGS{flp-022,
   AUTHOR = {Lee, Hankyol and Yu, Youngjae and Kim, Gunhee},
   SORTNAME = {Lee, Hankyol and Yu, Youngjae and Kim, Gunhee},
   TITLE = {Augmenting Data for Sarcasm Detection with Unlabeled Conversation Context}}
@INPROCEEDINGS{flp-025,
   AUTHOR = {Kumar Jena, Amit and Sinha, Aman and Agarwal, Rohit},
   SORTNAME = {Kumar Jena, Amit and Sinha, Aman and Agarwal, Rohit},
   TITLE = {C-Net: Contextual Network for Sarcasm Detection}}
