@INPROCEEDINGS{Metaphor-010,
   AUTHOR = {Beigman Klebanov, Beata and Leong, Ben and Heilman, Michael and Flor, Michael},
   SORTNAME = {Beigman Klebanov, Beata and Leong, Ben and Heilman, Michael and Flor, Michael},
   TITLE = {Different Texts, Same Metaphors: Unigrams and Beyond}}
@INPROCEEDINGS{Metaphor-011,
   AUTHOR = {Veale, Tony},
   SORTNAME = {Veale, Tony},
   TITLE = {A Service-Oriented Architecture for Metaphor Processing}}
@INPROCEEDINGS{Metaphor-012,
   AUTHOR = {Schulder, Marc and Hovy, Eduard},
   SORTNAME = {Schulder, Marc and Hovy, Eduard},
   TITLE = {Metaphor Detection through Term Relevance}}
@INPROCEEDINGS{Metaphor-014,
   AUTHOR = {Ovchinnikova, Ekaterina and Israel, Ross and Wertheim, Suzanne and Zaytsev, Vladimir and Montazeri, Niloofar and Hobbs, Jerry},
   SORTNAME = {Ovchinnikova, Ekaterina and Israel, Ross and Wertheim, Suzanne and Zaytsev, Vladimir and Montazeri, Niloofar and Hobbs, Jerry},
   TITLE = {Abductive Inference for Interpretation of Metaphors}}
@INPROCEEDINGS{Metaphor-015,
   AUTHOR = {Jang, Hyeju and Piergallini, Mario and Wen, Miaomiao and Rose, Carolyn},
   SORTNAME = {Jang, Hyeju and Piergallini, Mario and Wen, Miaomiao and Rose, Carolyn},
   TITLE = {Conversational Metaphors in Use: Exploring the Contrast between Technical and Everyday Notions of Metaphor}}
@INPROCEEDINGS{Metaphor-006,
   AUTHOR = {Dunn, Jonathan},
   SORTNAME = {Dunn, Jonathan},
   TITLE = {Multi-dimensional abstractness in cross-domain mappings}}
@INPROCEEDINGS{Metaphor-007,
   AUTHOR = {Strzalkowski, Tomek and Shaikh, Samira and Cho, Kit and Aaron Broadwell, George and Feldman, Laurie and Taylor, Sarah and Yamrom, Boris and Liu, Ting and Cases, Ignacio and Peshkova, Yuliya and Elliot, Kyle},
   SORTNAME = {Strzalkowski, Tomek and Shaikh, Samira and Cho, Kit and Aaron Broadwell, George and Feldman, Laurie and Taylor, Sarah and Yamrom, Boris and Liu, Ting and Cases, Ignacio and Peshkova, Yuliya and Elliot, Kyle},
   TITLE = {Computing Affect in Metaphors}}
