@INPROCEEDINGS{MRQA-020,
   AUTHOR = {Subramanian, Sandeep and Wang, Tong and Yuan, Xingdi and Zhang, Saizheng and Trischler, Adam and Bengio, Yoshua},
   SORTNAME = {Subramanian, Sandeep and Wang, Tong and Yuan, Xingdi and Zhang, Saizheng and Trischler, Adam and Bengio, Yoshua},
   TITLE = {Neural Models for Key Phrase Extraction and Question Generation}}
@INPROCEEDINGS{MRQA-018,
   AUTHOR = {Shvartzshanider, Yan and Balashankar, Ananth and Wies, Thomas and Subramanian, Lakshminarayanan},
   SORTNAME = {Shvartzshanider, Yan and Balashankar, Ananth and Wies, Thomas and Subramanian, Lakshminarayanan},
   TITLE = {RECIPE: Applying Open Domain Question Answering to Privacy Policies}}
@INPROCEEDINGS{MRQA-027,
   AUTHOR = {Yang, An and Liu, Kai and Liu, Jing and Lyu, Yajuan and Li, Sujian},
   SORTNAME = {Yang, An and Liu, Kai and Liu, Jing and Lyu, Yajuan and Li, Sujian},
   TITLE = {Adaptations of ROUGE and BLEU to Better Evaluate Machine Reading Comprehension Task}}
@INPROCEEDINGS{MRQA-006,
   AUTHOR = {Ren, Yuanhang and Du, Ye and Wang, Di},
   SORTNAME = {Ren, Yuanhang and Du, Ye and Wang, Di},
   TITLE = {Tackling Adversarial Examples in QA via Answer Sentence Selection}}
@INPROCEEDINGS{MRQA-017,
   AUTHOR = {Boratko, Michael and Padigela, Harshit and Mikkilineni, Divyendra and Yuvraj, Pritish and Das, Rajarshi and McCallum, Andrew and Chang, Maria and Fokoue-Nkoutche, Achille and Kapanipathi, Pavan and Mattei, Nicholas and Musa, Ryan and Talamadupula, Kartik and Witbrock, Michael},
   SORTNAME = {Boratko, Michael and Padigela, Harshit and Mikkilineni, Divyendra and Yuvraj, Pritish and Das, Rajarshi and McCallum, Andrew and Chang, Maria and Fokoue-Nkoutche, Achille and Kapanipathi, Pavan and Mattei, Nicholas and Musa, Ryan and Talamadupula, Kartik and Witbrock, Michael},
   TITLE = {A Systematic Classification of Knowledge, Reasoning, and Context within the ARC Dataset}}
@INPROCEEDINGS{MRQA-001,
   AUTHOR = {Gong, Yichen and Bowman, Samuel},
   SORTNAME = {Gong, Yichen and Bowman, Samuel},
   TITLE = {Ruminating Reader: Reasoning with Gated Multi-hop Attention}}
@INPROCEEDINGS{MRQA-023,
   AUTHOR = {Wadhwa, Soumya and Chandu, Khyathi and Nyberg, Eric},
   SORTNAME = {Wadhwa, Soumya and Chandu, Khyathi and Nyberg, Eric},
   TITLE = {Comparative Analysis of Neural QA models on SQuAD}}
@INPROCEEDINGS{MRQA-004,
   AUTHOR = {Yu, Seunghak and Indurthi, Sathish Reddy and Back, Seohyun and Lee, Haejun},
   SORTNAME = {Yu, Seunghak and Indurthi, Sathish Reddy and Back, Seohyun and Lee, Haejun},
   TITLE = {A Multi-Stage Memory Augmented Neural Network for Machine Reading Comprehension}}
@INPROCEEDINGS{MRQA-015,
   AUTHOR = {Franke, JÃ¶rg and Niehues, Jan and Waibel, Alexander},
   SORTNAME = {Franke, Jorg and Niehues, Jan and Waibel, Alexander},
   TITLE = {Robust and Scalable Differentiable Neural Computer for Question Answering}}
@INPROCEEDINGS{MRQA-003,
   AUTHOR = {Rondeau, Marc-Antoine and Hazen, T. J.},
   SORTNAME = {Rondeau, Marc-Antoine and Hazen, T. J.},
   TITLE = {Systematic Error Analysis of the Stanford Question Answering Dataset}}
@INPROCEEDINGS{MRQA-012,
   AUTHOR = {He, Wei and Liu, Kai and Liu, Jing and Lyu, Yajuan and Zhao, Shiqi and Xiao, Xinyan and Liu, Yuan and Wang, Yizhong and Wu, Hua and She, Qiaoqiao and Liu, Xuan and Wu, Tian and Wang, Haifeng},
   SORTNAME = {He, Wei and Liu, Kai and Liu, Jing and Lyu, Yajuan and Zhao, Shiqi and Xiao, Xinyan and Liu, Yuan and Wang, Yizhong and Wu, Hua and She, Qiaoqiao and Liu, Xuan and Wu, Tian and Wang, Haifeng},
   TITLE = {DuReader: a Chinese Machine Reading Comprehension Dataset from Real-world Applications}}
