@INPROCEEDINGS{fsnlp-010,
   AUTHOR = {Dragut, Eduard and Fellbaum, Christiane},
   SORTNAME = {Dragut, Eduard and Fellbaum, Christiane},
   TITLE = {The Role of Adverbs in Sentiment Analysis}}
@INPROCEEDINGS{fsnlp-011,
   AUTHOR = {Ide, Nancy},
   SORTNAME = {Ide, Nancy},
   TITLE = {FrameNet and Linked Data}}
@INPROCEEDINGS{fsnlp-002,
   AUTHOR = {Baker, Collin},
   SORTNAME = {Baker, Collin},
   TITLE = {FrameNet: A Knowledge Base for Natural Language Processing}}
@INPROCEEDINGS{fsnlp-003,
   AUTHOR = {Church, Kenneth},
   SORTNAME = {Church, Kenneth},
   TITLE = {The Case for Empiricism (With and Without Statistics)}}
@INPROCEEDINGS{fsnlp-004,
   AUTHOR = {Das, Dipanjan},
   SORTNAME = {Das, Dipanjan},
   TITLE = {Statistical Models for Frame-Semantic Parsing}}
@INPROCEEDINGS{fsnlp-005,
   AUTHOR = {Erk, Katrin},
   SORTNAME = {Erk, Katrin},
   TITLE = {Who Evoked that Frame? Some Thoughts on Context Effects and Event Types}}
@INPROCEEDINGS{fsnlp-006,
   AUTHOR = {Hobbs, Jerry},
   SORTNAME = {Hobbs, Jerry},
   TITLE = {Case, Constructions, FrameNet, and the Deep Lexicon}}
@INPROCEEDINGS{fsnlp-007,
   AUTHOR = {Narayanan, Srini},
   SORTNAME = {Narayanan, Srini},
   TITLE = {Bridging Text and Knowledge with Frames}}
@INPROCEEDINGS{fsnlp-008,
   AUTHOR = {Palmer, Martha and Bonial, Claire and McCarthy, Diana},
   SORTNAME = {Palmer, Martha and Bonial, Claire and McCarthy, Diana},
   TITLE = {SemLink+: FrameNet, VerbNet and Event Ontologies}}
@INPROCEEDINGS{fsnlp-009,
   AUTHOR = {Agarwal, Apoorv and Bauer, Daniel and Rambow, Owen},
   SORTNAME = {Agarwal, Apoorv and Bauer, Daniel and Rambow, Owen},
   TITLE = {Using Frame Semantics in Natural Language Processing}}
