@INPROCEEDINGS{nuse-020,
   AUTHOR = {Somasundaran, Swapna and Chen, Xianyang and Flor, Michael},
   SORTNAME = {Somasundaran, Swapna and Chen, Xianyang and Flor, Michael},
   TITLE = {Emotion Arcs of Student Narratives}}
@INPROCEEDINGS{nuse-027,
   AUTHOR = {Wang, Hai and McAllester, David},
   SORTNAME = {Wang, Hai and McAllester, David},
   TITLE = {On-The-Fly Information Retrieval Augmentation for Language Models}}
@INPROCEEDINGS{nuse-009,
   AUTHOR = {Banisakher, Deya and Yarlott, W. Victor and Aldawsari, Mohammed and Rishe, Naphtali and Finlayson, Mark},
   SORTNAME = {Banisakher, Deya and Yarlott, W. Victor and Aldawsari, Mohammed and Rishe, Naphtali and Finlayson, Mark},
   TITLE = {Improving the Identification of the Discourse Function of News Article Paragraphs}}
@INPROCEEDINGS{nuse-011,
   AUTHOR = {Lai, Viet Dac and Nguyen, Thien Huu and Dernoncourt, Frank},
   SORTNAME = {Lai, Viet Dac and Nguyen, Thien Huu and Dernoncourt, Frank},
   TITLE = {Extensively Matching for Few-shot Learning Event Detection}}
@INPROCEEDINGS{nuse-016,
   AUTHOR = {Saldias, Belen and Roy, Deb},
   SORTNAME = {Saldias, Belen and Roy, Deb},
   TITLE = {Exploring aspects of similarity between spoken personal narratives by disentangling them into narrative clause types}}
@INPROCEEDINGS{nuse-028,
   AUTHOR = {Shahid, Usman and Di Eugenio, Barbara and Rojecki, Andrew and Zheleva, Elena},
   SORTNAME = {Shahid, Usman and Di Eugenio, Barbara and Rojecki, Andrew and Zheleva, Elena},
   TITLE = {Detecting and understanding moral biases in news}}
@INPROCEEDINGS{nuse-001,
   AUTHOR = {Cremisini, Andres and Finlayson, Mark},
   SORTNAME = {Cremisini, Andres and Finlayson, Mark},
   TITLE = {New Insights into Cross-Document Event Coreference: Systematic Comparison and a Simplified Approach}}
@INPROCEEDINGS{nuse-010,
   AUTHOR = {Zad, Samira and Finlayson, Mark},
   SORTNAME = {Zad, Samira and Finlayson, Mark},
   TITLE = {Systematic Evaluation of a Framework for Unsupervised Emotion Recognition for Narrative Text}}
@INPROCEEDINGS{nuse-019,
   AUTHOR = {Hingmire, Swapnil and Ramrakhiyani, Nitin and Singh, Avinash Kumar and Patil, Sangameshwar and Palshikar, Girish and Bhattacharyya, Pushpak and Varma, Vasudeva},
   SORTNAME = {Hingmire, Swapnil and Ramrakhiyani, Nitin and Singh, Avinash Kumar and Patil, Sangameshwar and Palshikar, Girish and Bhattacharyya, Pushpak and Varma, Vasudeva},
   TITLE = {Extracting Message Sequence Charts from Hindi Narrative Text}}
@INPROCEEDINGS{nuse-024,
   AUTHOR = {Mou, Xiangyang and Yu, Mo and Yao, Bingsheng and Yang, Chenghao and Guo, Xiaoxiao and Potdar, Saloni and Su, Hui},
   SORTNAME = {Mou, Xiangyang and Yu, Mo and Yao, Bingsheng and Yang, Chenghao and Guo, Xiaoxiao and Potdar, Saloni and Su, Hui},
   TITLE = {Frustratingly Hard Evidence Retrieval for QA Over Books}}
@INPROCEEDINGS{nuse-004,
   AUTHOR = {Chiu, Ming-Chang and Feng, Tiantian and Ren, Xiang and Narayanan, Shrikanth},
   SORTNAME = {Chiu, Ming-Chang and Feng, Tiantian and Ren, Xiang and Narayanan, Shrikanth},
   TITLE = {Screenplay Quality Assessment: Can We Predict Who Gets Nominated?}}
@INPROCEEDINGS{nuse-015,
   AUTHOR = {Kearns, Edward},
   SORTNAME = {Kearns, Edward},
   TITLE = {Annotating and quantifying narrative time disruptions in modernist and hypertext fiction}}
@INPROCEEDINGS{nuse-012,
   AUTHOR = {August, Tal and Sap, Maarten and Clark, Elizabeth and Reinecke, Katharina and Smith, Noah A.},
   SORTNAME = {August, Tal and Sap, Maarten and Clark, Elizabeth and Reinecke, Katharina and Smith, Noah A.},
   TITLE = {Exploring the Effect of Author and Reader Identity in Online Story Writing: the STORIESINTHEWILD Corpus.}}
@INPROCEEDINGS{nuse-013,
   AUTHOR = {Belyy, Anton and Van Durme, Benjamin},
   SORTNAME = {Belyy, Anton and Van Durme, Benjamin},
   TITLE = {Script Induction as Association Rule Mining}}
@INPROCEEDINGS{nuse-014,
   AUTHOR = {Eisenberg, Joshua and Sheriff, Michael},
   SORTNAME = {Eisenberg, Joshua and Sheriff, Michael},
   TITLE = {Automatic extraction of personal events from dialogue}}
