@INPROCEEDINGS{ComputEL-001,
   AUTHOR = {Ombui, Edward and Wagacha, Peter and Ng'ang'a, Wanjiku},
   SORTNAME = {Ombui, Edward and Wagacha, Peter and Ng'ang'a, Wanjiku},
   TITLE = {InterlinguaPlus Machine Translation Approach for Local Languages: Ekegusii \& Swahili}}
@INPROCEEDINGS{ComputEL-011,
   AUTHOR = {Arkhangelskiy, Timofey},
   SORTNAME = {Arkhangelskiy, Timofey},
   TITLE = {Estimating Native Vocabulary Size in an Endangered Language}}
@INPROCEEDINGS{ComputEL-012,
   AUTHOR = {Benjamin, Martin and Radetzky, Paula},
   SORTNAME = {Benjamin, Martin and Radetzky, Paula},
   TITLE = {Small Languages, Big Data: Multilingual Computational Tools and Techniques for the Lexicography of Endangered Languages}}
@INPROCEEDINGS{ComputEL-013,
   AUTHOR = {Snoek, Conor and Thunder, Dorothy and LÃµo, Kaidi and Arppe, Antti and Lachler, Jordan and Moshagen, Sjur and Trosterud, Trond},
   SORTNAME = {Snoek, Conor and Thunder, Dorothy and Loo, Kaidi and Arppe, Antti and Lachler, Jordan and Moshagen, Sjur and Trosterud, Trond},
   TITLE = {Modeling the Noun Morphology of Plains Cree}}
@INPROCEEDINGS{ComputEL-014,
   AUTHOR = {Bender, Emily M. and Crowgey, Joshua and Goodman, Michael Wayne and Xia, Fei},
   SORTNAME = {Bender, Emily M. and Crowgey, Joshua and Goodman, Michael Wayne and Xia, Fei},
   TITLE = {Learning Grammar Specifications from IGT: A Case Study of Chintang}}
@INPROCEEDINGS{ComputEL-015,
   AUTHOR = {Emerson, Guy and Tan, Liling and Fertmann, Susanne and Palmer, Alexis and Regneri, Michaela},
   SORTNAME = {Emerson, Guy and Tan, Liling and Fertmann, Susanne and Palmer, Alexis and Regneri, Michaela},
   TITLE = {SeedLing: Building and Using a Seed Corpus for the Human Language Project}}
@INPROCEEDINGS{ComputEL-016,
   AUTHOR = {Bird, Steven and Hanke, Florian R. and Adams, Oliver and Lee, Haejoong},
   SORTNAME = {Bird, Steven and Hanke, Florian R. and Adams, Oliver and Lee, Haejoong},
   TITLE = {Aikuma: A Mobile App for Collaborative Language Documentation}}
@INPROCEEDINGS{ComputEL-017,
   AUTHOR = {Palmer, Alexis and Regneri, Michaela},
   SORTNAME = {Palmer, Alexis and Regneri, Michaela},
   TITLE = {Short-Term Projects, Long-Term Benefits: Four Student NLP Projects for Low-Resource Languages}}
@INPROCEEDINGS{ComputEL-002,
   AUTHOR = {Nimaan, Abdillahi},
   SORTNAME = {Nimaan, Abdillahi},
   TITLE = {Building and Evaluating Somali Language Corpora}}
@INPROCEEDINGS{ComputEL-003,
   AUTHOR = {Beale, Stephen},
   SORTNAME = {Beale, Stephen},
   TITLE = {Time to Change the "D" in "DEL"}}
@INPROCEEDINGS{ComputEL-005,
   AUTHOR = {Ulinski, Morgan and Balakrishnan, Anusha and Bauer, Daniel and Coyne, Bob and Hirschberg, Julia and Rambow, Owen},
   SORTNAME = {Ulinski, Morgan and Balakrishnan, Anusha and Bauer, Daniel and Coyne, Bob and Hirschberg, Julia and Rambow, Owen},
   TITLE = {Documenting Endangered Languages with the WordsEye Linguistics Tool}}
@INPROCEEDINGS{ComputEL-006,
   AUTHOR = {Cooper, Doug},
   SORTNAME = {Cooper, Doug},
   TITLE = {Data Warehouse, Bronze, Gold, STEC, Software}}
@INPROCEEDINGS{ComputEL-007,
   AUTHOR = {Dunham, Joel and Cook, Gina and Horner, Joshua},
   SORTNAME = {Dunham, Joel and Cook, Gina and Horner, Joshua},
   TITLE = {LingSync \& the Online Linguistic Database: New Models for the Collection and Management of Data for Language Communities, Linguists and Language Learners}}
@INPROCEEDINGS{ComputEL-008,
   AUTHOR = {Lam, Khang Nhut and Al Tarouti, Feras and Kalita, Jugal},
   SORTNAME = {Lam, Khang Nhut and Al Tarouti, Feras and Kalita, Jugal},
   TITLE = {Creating Lexical Resources for Endangered Languages}}
