@INPROCEEDINGS{CALCS-018,
   AUTHOR = {Chandu, Khyathi and Manzini, Thomas and Singh, Sumeet and Black, Alan W.},
   SORTNAME = {Chandu, Khyathi and Manzini, Thomas and Singh, Sumeet and Black, Alan W.},
   TITLE = {Language Informed Modeling of Code-Switched Text}}
@INPROCEEDINGS{CALCS-027,
   AUTHOR = {Janke, Florian and Li, Tongrui and Rincón, Eric and Guzmán, Gualberto and Bullock, Barbara and Toribio, Almeida Jacqueline},
   SORTNAME = {Janke, Florian and Li, Tongrui and Rincon, Eric and Guzman, Gualberto and Bullock, Barbara and Toribio, Almeida Jacqueline},
   TITLE = {The University of Texas System Submission for the Code-Switching Workshop Shared Task 2018}}
@INPROCEEDINGS{CALCS-009,
   AUTHOR = {Mave, Deepthi and Maharjan, Suraj and Solorio, Thamar},
   SORTNAME = {Mave, Deepthi and Maharjan, Suraj and Solorio, Thamar},
   TITLE = {Language Identification and Analysis of Code-Switched Social Media Text}}
@INPROCEEDINGS{CALCS-029,
   AUTHOR = {Claeser, Daniel and Kent, Samantha and Felske, Dennis},
   SORTNAME = {Claeser, Daniel and Kent, Samantha and Felske, Dennis},
   TITLE = {Multilingual Named Entity Recognition on Spanish-English Code-switched Tweets using Support Vector Machines}}
@INPROCEEDINGS{CALCS-028,
   AUTHOR = {Geetha, Parvathy and Chandu, Khyathi and Black, Alan W.},
   SORTNAME = {Geetha, Parvathy and Chandu, Khyathi and Black, Alan W.},
   TITLE = {Tackling Code-Switched NER: Participation of CMU}}
@INPROCEEDINGS{CALCS-017,
   AUTHOR = {Bawa, Anshul and Choudhury, Monojit and Bali, Kalika},
   SORTNAME = {Bawa, Anshul and Choudhury, Monojit and Bali, Kalika},
   TITLE = {Accommodation of Conversational Code-Choice}}
@INPROCEEDINGS{CALCS-001,
   AUTHOR = {Soto, Victor and Hirschberg, Julia},
   SORTNAME = {Soto, Victor and Hirschberg, Julia},
   TITLE = {Joint Part-of-Speech and Language ID Tagging for Code-Switched Data}}
@INPROCEEDINGS{CALCS-019,
   AUTHOR = {Gupta, Vishal and Chinnakotla, Manoj and Shrivastava, Manish},
   SORTNAME = {Gupta, Vishal and Chinnakotla, Manoj and Shrivastava, Manish},
   TITLE = {Transliteration Better than Translation? Answering Code-mixed Questions over a Knowledge Base}}
@INPROCEEDINGS{CALCS-026,
   AUTHOR = {Wang, Changhan and Cho, Kyunghyun and Kiela, Douwe},
   SORTNAME = {Wang, Changhan and Cho, Kyunghyun and Kiela, Douwe},
   TITLE = {Code-Switched Named Entity Recognition with Embedding Attention}}
@INPROCEEDINGS{CALCS-008,
   AUTHOR = {Chandu, Khyathi and Loginova, Ekaterina and Gupta, Vishal and van Genabith, Josef and Neuman, Günter and Chinnakotla, Manoj and Nyberg, Eric and Black, Alan W.},
   SORTNAME = {Chandu, Khyathi and Loginova, Ekaterina and Gupta, Vishal and Genabith, Josef van and Neuman, Gunter and Chinnakotla, Manoj and Nyberg, Eric and Black, Alan W.},
   TITLE = {Code-Mixed Question Answering Challenge: Crowd-sourcing Data and Techniques}}
@INPROCEEDINGS{CALCS-021,
   AUTHOR = {Attia, Mohammed and Samih, Younes and Maier, Wolfgang},
   SORTNAME = {Attia, Mohammed and Samih, Younes and Maier, Wolfgang},
   TITLE = {GHHT at CALCS 2018: Named Entity Recognition for Dialectal Arabic Using Neural Networks}}
@INPROCEEDINGS{CALCS-030,
   AUTHOR = {Aguilar, Gustavo and AlGhamdi, Fahad and Soto, Victor and Diab, Mona and Hirschberg, Julia and Solorio, Thamar},
   SORTNAME = {Aguilar, Gustavo and AlGhamdi, Fahad and Soto, Victor and Diab, Mona and Hirschberg, Julia and Solorio, Thamar},
   TITLE = {Named Entity Recognition on Code-Switched Data: Overview of the CALCS 2018 Shared Task}}
@INPROCEEDINGS{CALCS-024,
   AUTHOR = {Trivedi, Shashwat and Rangwani, Harsh and Singh, Anil Kumar},
   SORTNAME = {Trivedi, Shashwat and Rangwani, Harsh and Singh, Anil Kumar},
   TITLE = {IIT (BHU) Submission for the ACL Shared Task on Named Entity Recognition on Code-switched Data}}
@INPROCEEDINGS{CALCS-023,
   AUTHOR = {Winata, Genta Indra and Wu, Chien-Sheng and Madotto, Andrea and Fung, Pascale},
   SORTNAME = {Winata, Genta Indra and Wu, Chien-Sheng and Madotto, Andrea and Fung, Pascale},
   TITLE = {Bilingual Character Representation for Efficiently Addressing Out-of-Vocabulary Words in Code-Switching Named Entity Recognition}}
@INPROCEEDINGS{CALCS-004,
   AUTHOR = {Adouane, Wafia and Bernardy, Jean-Philippe and Dobnik, Simon},
   SORTNAME = {Adouane, Wafia and Bernardy, Jean-Philippe and Dobnik, Simon},
   TITLE = {Improving Neural Network Performance by Injecting Background Knowledge: Detecting Code-switching and Borrowing in Algerian texts}}
@INPROCEEDINGS{CALCS-015,
   AUTHOR = {Rallabandi, SaiKrishna and Sitaram, Sunayana and Black, Alan W.},
   SORTNAME = {Rallabandi, SaiKrishna and Sitaram, Sunayana and Black, Alan W.},
   TITLE = {Automatic Detection of Code-switching Style from Acoustics}}
@INPROCEEDINGS{CALCS-003,
   AUTHOR = {Sivasankaran, Sunit and Srivastava, Brij Mohan Lal and Sitaram, Sunayana and Bali, Kalika and Choudhury, Monojit},
   SORTNAME = {Sivasankaran, Sunit and Srivastava, Brij Mohan Lal and Sitaram, Sunayana and Bali, Kalika and Choudhury, Monojit},
   TITLE = {Phone Merging For Code-Switched Speech Recognition}}
@INPROCEEDINGS{CALCS-012,
   AUTHOR = {Winata, Genta Indra and Madotto, Andrea and Wu, Chien-Sheng and Fung, Pascale},
   SORTNAME = {Winata, Genta Indra and Madotto, Andrea and Wu, Chien-Sheng and Fung, Pascale},
   TITLE = {Code-Switching Language Modeling using Syntax-Aware Multi-Task Learning}}
@INPROCEEDINGS{CALCS-014,
   AUTHOR = {Bullock, Barbara and Guzman, Wally and Serigos, Jacqueline and Sharath, Vivek and Toribio, Almeida Jacqueline},
   SORTNAME = {Bullock, Barbara and Guzman, Wally and Serigos, Jacqueline and Sharath, Vivek and Toribio, Almeida Jacqueline},
   TITLE = {Predicting the presence of a Matrix Language in code-switching}}
@INPROCEEDINGS{CALCS-022,
   AUTHOR = {Jain, Devanshu and Kustikova, Maria and Darbari, Mayank and Gupta, Rishabh and Mayhew, Stephen},
   SORTNAME = {Jain, Devanshu and Kustikova, Maria and Darbari, Mayank and Gupta, Rishabh and Mayhew, Stephen},
   TITLE = {Simple Features for Strong Performance on Named Entity Recognition in Code-Switched Twitter Data}}
@INPROCEEDINGS{CALCS-025,
   AUTHOR = {Sikdar, Utpal Kumar and Barik, Biswanath and Gambäck, Björn},
   SORTNAME = {Sikdar, Utpal Kumar and Barik, Biswanath and Gamback, Bjorn},
   TITLE = {Named Entity Recognition on Code-Switched Data Using Conditional Random Fields}}
