@article{cl-2016-linguistics-42-issue-4,
    title = "Computational Linguistics, Volume 42, Issue 4 - {D}ecember 2016",
    journal = "Computational Linguistics",
    volume = "42",
    number = "4",
    month = dec,
    year = "2016",
}
@article{bresnan-2016-lifetime,
    title = "Lifetime Achievement Award: Linguistics: The Garden and the Bush",
    author = "Bresnan, Joan",
    journal = "Computational Linguistics",
    volume = "42",
    number = "4",
    month = dec,
    year = "2016",
    url = "https://www.aclweb.org/anthology/J16-4001",
    doi = "10.1162/COLI_a_00260",
    pages = "599--617",
}
@article{boleda-herbelot-2016-formal,
    title = "Formal Distributional Semantics: Introduction to the Special Issue",
    author = "Boleda, Gemma  and
      Herbelot, Aur{\'e}lie",
    journal = "Computational Linguistics",
    volume = "42",
    number = "4",
    month = dec,
    year = "2016",
    url = "https://www.aclweb.org/anthology/J16-4002",
    doi = "10.1162/COLI_a_00261",
    pages = "619--635",
}
@article{kruszewski-etal-2016-logical,
    title = "There Is No Logical Negation Here, But There Are Alternatives: Modeling Conversational Negation with Distributional Semantics",
    author = "Kruszewski, Germ{\'a}n  and
      Paperno, Denis  and
      Bernardi, Raffaella  and
      Baroni, Marco",
    journal = "Computational Linguistics",
    volume = "42",
    number = "4",
    month = dec,
    year = "2016",
    url = "https://www.aclweb.org/anthology/J16-4003",
    doi = "10.1162/COLI_a_00262",
    pages = "637--660",
}
@article{rimell-etal-2016-relpron,
    title = "{RELPRON}: A Relative Clause Evaluation Data Set for Compositional Distributional Semantics",
    author = "Rimell, Laura  and
      Maillard, Jean  and
      Polajnar, Tamara  and
      Clark, Stephen",
    journal = "Computational Linguistics",
    volume = "42",
    number = "4",
    month = dec,
    year = "2016",
    url = "https://www.aclweb.org/anthology/J16-4004",
    doi = "10.1162/COLI_a_00263",
    pages = "661--701",
}
@article{asher-etal-2016-integrating,
    title = "Integrating Type Theory and Distributional Semantics: A Case Study on Adjective{--}Noun Compositions",
    author = "Asher, Nicholas  and
      Van de Cruys, Tim  and
      Bride, Antoine  and
      Abrus{\'a}n, M{\'a}rta",
    journal = "Computational Linguistics",
    volume = "42",
    number = "4",
    month = dec,
    year = "2016",
    url = "https://www.aclweb.org/anthology/J16-4005",
    doi = "10.1162/COLI_a_00264",
    pages = "703--725",
}
@article{weir-etal-2016-aligning,
    title = "Aligning Packed Dependency Trees: A Theory of Composition for Distributional Semantics",
    author = "Weir, David  and
      Weeds, Julie  and
      Reffin, Jeremy  and
      Kober, Thomas",
    journal = "Computational Linguistics",
    volume = "42",
    number = "4",
    month = dec,
    year = "2016",
    url = "https://www.aclweb.org/anthology/J16-4006",
    doi = "10.1162/COLI_a_00265",
    pages = "727--761",
}
@article{beltagy-etal-2016-representing,
    title = "Representing Meaning with a Combination of Logical and Distributional Models",
    author = "Beltagy, I.  and
      Roller, Stephen  and
      Cheng, Pengxiang  and
      Erk, Katrin  and
      Mooney, Raymond J.",
    journal = "Computational Linguistics",
    volume = "42",
    number = "4",
    month = dec,
    year = "2016",
    url = "https://www.aclweb.org/anthology/J16-4007",
    doi = "10.1162/COLI_a_00266",
    pages = "763--808",
}
@article{gomez-rodriguez-2016-squibs,
    title = "{S}quibs: Restricted Non-Projectivity: Coverage vs. Efficiency",
    author = "G{\'o}mez-Rodr{\'\i}guez, Carlos",
    journal = "Computational Linguistics",
    volume = "42",
    number = "4",
    month = dec,
    year = "2016",
    url = "https://www.aclweb.org/anthology/J16-4008",
    doi = "10.1162/COLI_a_00267",
    pages = "809--817",
}
@article{kuhlmann-oepen-2016-squibs,
    title = "{S}quibs: Towards a Catalogue of Linguistic Graph {B}anks",
    author = "Kuhlmann, Marco  and
      Oepen, Stephan",
    journal = "Computational Linguistics",
    volume = "42",
    number = "4",
    month = dec,
    year = "2016",
    url = "https://www.aclweb.org/anthology/J16-4009",
    doi = "10.1162/COLI_a_00268",
    pages = "819--827",
}
@article{xiong-2016-book,
    title = "Book Reviews: Semantic Similarity from Natural Language and Ontology Analysis by S{\'e}bastien Harispe, Sylvie Ranwez, Stefan Janaqi, and Jacky Montmain",
    author = "Xiong, Deyi",
    journal = "Computational Linguistics",
    volume = "42",
    number = "4",
    month = dec,
    year = "2016",
    url = "https://www.aclweb.org/anthology/J16-4010",
    doi = "10.1162/COLI_r_00269",
    pages = "829--831",
}
@article{louis-2016-book,
    title = "Book Reviews: Natural Language Processing for Social Media by Atefeh Farzindar and Diana Inkpen",
    author = "Louis, Annie",
    journal = "Computational Linguistics",
    volume = "42",
    number = "4",
    month = dec,
    year = "2016",
    url = "https://www.aclweb.org/anthology/J16-4011",
    doi = "10.1162/COLI_r_00270",
    pages = "833--836",
}
@article{erlewine-2016-book,
    title = "Book Reviews: Elements of Formal Semantics: An Introduction to the Mathematical Theory of Meaning in Natural Language by Yoad Winter",
    author = "Erlewine, Michael Yoshitaka",
    journal = "Computational Linguistics",
    volume = "42",
    number = "4",
    month = dec,
    year = "2016",
    url = "https://www.aclweb.org/anthology/J16-4012",
    doi = "10.1162/COLI_r_00271",
    pages = "837--839",
}
@article{nn-2016-reviewers,
    title = "Reviewers for Volume 42",
    journal = "Computational Linguistics",
    volume = "42",
    number = "4",
    month = dec,
    year = "2016",
    url = "https://www.aclweb.org/anthology/J16-4013",
    doi = "10.1162/COLI_x_00272",
    pages = "841--841",
}
