@article{cl-2016-linguistics-42,
    title = "Computational Linguistics, Volume 42, Issue 2 - June 2016",
    journal = "Computational Linguistics",
    volume = "42",
    number = "2",
    month = jun,
    year = "2016",
}
@article{bisazza-federico-2016-surveys,
    title = "{S}urveys: A Survey of Word Reordering in Statistical Machine Translation: Computational Models and Language Phenomena",
    author = "Bisazza, Arianna  and
      Federico, Marcello",
    journal = "Computational Linguistics",
    volume = "42",
    number = "2",
    month = jun,
    year = "2016",
    url = "https://www.aclweb.org/anthology/J16-2001",
    doi = "10.1162/COLI_a_00245",
    pages = "163--205",
}
@article{gildea-satta-2016-synchronous,
    title = "Synchronous Context-Free Grammars and Optimal Parsing Strategies",
    author = "Gildea, Daniel  and
      Satta, Giorgio",
    journal = "Computational Linguistics",
    volume = "42",
    number = "2",
    month = jun,
    year = "2016",
    url = "https://www.aclweb.org/anthology/J16-2002",
    doi = "10.1162/COLI_a_00246",
    pages = "207--243",
}
@article{mccarthy-etal-2016-word,
    title = "Word Sense Clustering and Clusterability",
    author = "McCarthy, Diana  and
      Apidianaki, Marianna  and
      Erk, Katrin",
    journal = "Computational Linguistics",
    volume = "42",
    number = "2",
    month = jun,
    year = "2016",
    url = "https://www.aclweb.org/anthology/J16-2003",
    doi = "10.1162/COLI_a_00247",
    pages = "245--275",
}
@article{wang-etal-2016-source,
    title = "Source Language Adaptation Approaches for Resource-Poor Machine Translation",
    author = "Wang, Pidong  and
      Nakov, Preslav  and
      Ng, Hwee Tou",
    journal = "Computational Linguistics",
    volume = "42",
    number = "2",
    month = jun,
    year = "2016",
    url = "https://www.aclweb.org/anthology/J16-2004",
    doi = "10.1162/COLI_a_00248",
    pages = "277--306",
}
@article{ling-etal-2016-mining,
    title = "Mining Parallel Corpora from Sina {W}eibo and Twitter",
    author = "Ling, Wang  and
      Marujo, Lu{\'\i}s  and
      Dyer, Chris  and
      Black, Alan W.  and
      Trancoso, Isabel",
    journal = "Computational Linguistics",
    volume = "42",
    number = "2",
    month = jun,
    year = "2016",
    url = "https://www.aclweb.org/anthology/J16-2005",
    doi = "10.1162/COLI_a_00249",
    pages = "307--343",
}
@article{paperno-baroni-2016-squibs,
    title = "{S}quibs: When the Whole Is Less Than the Sum of Its Parts: How Composition Affects {PMI} Values in Distributional Semantic Vectors",
    author = "Paperno, Denis  and
      Baroni, Marco",
    journal = "Computational Linguistics",
    volume = "42",
    number = "2",
    month = jun,
    year = "2016",
    url = "https://www.aclweb.org/anthology/J16-2006",
    doi = "10.1162/COLI_a_00250",
    pages = "345--350",
}
@article{bouillon-etal-2016-obituary,
    title = "{O}bituary: In Memoriam: Susan Armstrong",
    author = "Bouillon, Pierrette  and
      Merlo, Paola  and
      van Noord, Gertjan  and
      Rosner, Mike",
    journal = "Computational Linguistics",
    volume = "42",
    number = "2",
    month = jun,
    year = "2016",
    url = "https://www.aclweb.org/anthology/J16-2007",
    doi = "10.1162/COLI_a_00251",
    pages = "351--352",
}
