@article{cl-2016-linguistics-42-issue,
    title = "Computational Linguistics, Volume 42, Issue 3 - September 2016",
    journal = "Computational Linguistics",
    volume = "42",
    number = "3",
    month = sep,
    year = "2016",
}
@article{zhang-etal-2016-transition-based,
    title = "Transition-Based Parsing for Deep Dependency Structures",
    author = "Zhang, Xun  and
      Du, Yantao  and
      Sun, Weiwei  and
      Wan, Xiaojun",
    journal = "Computational Linguistics",
    volume = "42",
    number = "3",
    month = sep,
    year = "2016",
    url = "https://www.aclweb.org/anthology/J16-3001",
    doi = "10.1162/COLI_a_00252",
    pages = "353--389",
}
@article{sun-wan-2016-towards,
    title = "Towards Accurate and Efficient {C}hinese Part-of-Speech Tagging",
    author = "Sun, Weiwei  and
      Wan, Xiaojun",
    journal = "Computational Linguistics",
    volume = "42",
    number = "3",
    month = sep,
    year = "2016",
    url = "https://www.aclweb.org/anthology/J16-3002",
    doi = "10.1162/COLI_a_00253",
    pages = "391--419",
}
@article{cohen-gildea-2016-parsing,
    title = "Parsing Linear Context-Free Rewriting Systems with Fast Matrix Multiplication",
    author = "Cohen, Shay B.  and
      Gildea, Daniel",
    journal = "Computational Linguistics",
    volume = "42",
    number = "3",
    month = sep,
    year = "2016",
    url = "https://www.aclweb.org/anthology/J16-3003",
    doi = "10.1162/COLI_a_00254",
    pages = "421--455",
}
@article{de-clercq-hoste-2016-mixed,
    title = "All Mixed Up? Finding the Optimal Feature Set for General Readability Prediction and Its Application to {E}nglish and {D}utch",
    author = "De Clercq, Orph{\'e}e  and
      Hoste, V{\'e}ronique",
    journal = "Computational Linguistics",
    volume = "42",
    number = "3",
    month = sep,
    year = "2016",
    url = "https://www.aclweb.org/anthology/J16-3004",
    doi = "10.1162/COLI_a_00255",
    pages = "457--490",
}
@article{ionescu-etal-2016-string,
    title = "String Kernels for Native Language Identification: Insights from Behind the Curtains",
    author = "Ionescu, Radu Tudor  and
      Popescu, Marius  and
      Cahill, Aoife",
    journal = "Computational Linguistics",
    volume = "42",
    number = "3",
    month = sep,
    year = "2016",
    url = "https://www.aclweb.org/anthology/J16-3005",
    doi = "10.1162/COLI_a_00256",
    pages = "491--525",
}
@article{bos-2016-squib,
    title = "{S}quib: Expressive Power of {A}bstract {M}eaning {R}epresentations",
    author = "Bos, Johan",
    journal = "Computational Linguistics",
    volume = "42",
    number = "3",
    month = sep,
    year = "2016",
    url = "https://www.aclweb.org/anthology/J16-3006",
    doi = "10.1162/COLI_a_00257",
    pages = "527--535",
}
@article{nguyen-etal-2016-survey,
    title = "{S}urvey: Computational Sociolinguistics: A {S}urvey",
    author = {Nguyen, Dong  and
      Do{\u{g}}ru{\"o}z, A. Seza  and
      Ros{\'e}, Carolyn P.  and
      de Jong, Franciska},
    journal = "Computational Linguistics",
    volume = "42",
    number = "3",
    month = sep,
    year = "2016",
    url = "https://www.aclweb.org/anthology/J16-3007",
    doi = "10.1162/COLI_a_00258",
    pages = "537--593",
}
@article{zhao-etal-2016-book,
    title = "Book Review: Sentiment Analysis: Mining Opinions, Sentiments, and Emotions by Bing {L}iu",
    author = "Zhao, Jun  and
      Liu, Kang  and
      Xu, Liheng",
    journal = "Computational Linguistics",
    volume = "42",
    number = "3",
    month = sep,
    year = "2016",
    url = "https://www.aclweb.org/anthology/J16-3008",
    doi = "10.1162/COLI_r_00259",
    pages = "595--598",
}
