@article{cl-2016-linguistics,
    title = "Computational Linguistics, Volume 42, Issue 1 - March 2016",
    journal = "Computational Linguistics",
    volume = "42",
    number = "1",
    month = mar,
    year = "2016",
}
@article{neubig-watanabe-2016-optimization,
    title = "Optimization for Statistical Machine Translation: A Survey",
    author = "Neubig, Graham  and
      Watanabe, Taro",
    journal = "Computational Linguistics",
    volume = "42",
    number = "1",
    month = mar,
    year = "2016",
    url = "https://www.aclweb.org/anthology/J16-1001",
    doi = "10.1162/COLI_a_00241",
    pages = "1--54",
}
@article{mirroshandel-nasr-2016-integrating,
    title = "Integrating Selectional Constraints and Subcategorization Frames in a Dependency Parser",
    author = "Mirroshandel, Seyed Abolghasem  and
      Nasr, Alexis",
    journal = "Computational Linguistics",
    volume = "42",
    number = "1",
    month = mar,
    year = "2016",
    url = "https://www.aclweb.org/anthology/J16-1002",
    doi = "10.1162/COLI_a_00242",
    pages = "55--90",
}
@article{ruokolainen-etal-2016-comparative,
    title = "A Comparative Study of Minimally Supervised Morphological Segmentation",
    author = {Ruokolainen, Teemu  and
      Kohonen, Oskar  and
      Sirts, Kairit  and
      Gr{\"o}nroos, Stig-Arne  and
      Kurimo, Mikko  and
      Virpioja, Sami},
    journal = "Computational Linguistics",
    volume = "42",
    number = "1",
    month = mar,
    year = "2016",
    url = "https://www.aclweb.org/anthology/J16-1003",
    doi = "10.1162/COLI_a_00243",
    pages = "91--120",
}
@article{ortiz-martinez-2016-online,
    title = "Online Learning for Statistical Machine Translation",
    author = "Ortiz-Mart{\'\i}nez, Daniel",
    journal = "Computational Linguistics",
    volume = "42",
    number = "1",
    month = mar,
    year = "2016",
    url = "https://www.aclweb.org/anthology/J16-1004",
    doi = "10.1162/COLI_a_00244",
    pages = "121--161",
}
