@article{cl-2017-linguistics-43-issue-4,
    title = "Computational Linguistics, Volume 43, Issue 4 - {D}ecember 2017",
    journal = "Computational Linguistics",
    volume = "43",
    number = "4",
    month = dec,
    year = "2017",
}
@article{joty-etal-2017-discourse,
    title = "Discourse Structure in Machine Translation Evaluation",
    author = "Joty, Shafiq  and
      Guzm{\'a}n, Francisco  and
      M{\`a}rquez, Llu{\'\i}s  and
      Nakov, Preslav",
    journal = "Computational Linguistics",
    volume = "43",
    number = "4",
    month = dec,
    year = "2017",
    url = "https://www.aclweb.org/anthology/J17-4001",
    doi = "10.1162/COLI_a_00298",
    pages = "683--722",
}
@article{rozovskaya-etal-2017-adapting,
    title = "Adapting to Learner Errors with Minimal Supervision",
    author = "Rozovskaya, Alla  and
      Roth, Dan  and
      Sammons, Mark",
    journal = "Computational Linguistics",
    volume = "43",
    number = "4",
    month = dec,
    year = "2017",
    url = "https://www.aclweb.org/anthology/J17-4002",
    doi = "10.1162/COLI_a_00299",
    pages = "723--760",
}
@article{kadar-etal-2017-representation,
    title = "Representation of Linguistic Form and Function in Recurrent Neural Networks",
    author = "K{\'a}d{\'a}r, {\'A}kos  and
      Chrupa{\l}a, Grzegorz  and
      Alishahi, Afra",
    journal = "Computational Linguistics",
    volume = "43",
    number = "4",
    month = dec,
    year = "2017",
    url = "https://www.aclweb.org/anthology/J17-4003",
    doi = "10.1162/COLI_a_00300",
    pages = "761--780",
}
@article{vulic-etal-2017-hyperlex,
    title = "{H}yper{L}ex: A Large-Scale Evaluation of Graded Lexical Entailment",
    author = "Vuli{\'c}, Ivan  and
      Gerz, Daniela  and
      Kiela, Douwe  and
      Hill, Felix  and
      Korhonen, Anna",
    journal = "Computational Linguistics",
    volume = "43",
    number = "4",
    month = dec,
    year = "2017",
    url = "https://www.aclweb.org/anthology/J17-4004",
    doi = "10.1162/COLI_a_00301",
    pages = "781--835",
}
@article{constant-etal-2017-survey,
    title = "{S}urvey: Multiword Expression Processing: A {S}urvey",
    author = {Constant, Mathieu  and
      Eryi{\v{g}}it, G{\"u}l{\c{s}}en  and
      Monti, Johanna  and
      van der Plas, Lonneke  and
      Ramisch, Carlos  and
      Rosner, Michael  and
      Todirascu, Amalia},
    journal = "Computational Linguistics",
    volume = "43",
    number = "4",
    month = dec,
    year = "2017",
    url = "https://www.aclweb.org/anthology/J17-4005",
    doi = "10.1162/COLI_a_00302",
    pages = "837--892",
}
@article{hadiwinoto-2017-book,
    title = "Book Review: Syntax-Based Statistical Machine Translation by Philip {W}illiams, Rico {S}ennrich, Matt Post and Philipp {K}oehn",
    author = "Hadiwinoto, Christian",
    journal = "Computational Linguistics",
    volume = "43",
    number = "4",
    month = dec,
    year = "2017",
    url = "https://www.aclweb.org/anthology/J17-4006",
    doi = "10.1162/COLI_r_00303",
    pages = "893--896",
}
@article{nissim-etal-2017-last,
    title = "Last Words: Sharing Is Caring: The Future of Shared Tasks",
    author = "Nissim, Malvina  and
      Abzianidze, Lasha  and
      Evang, Kilian  and
      van der Goot, Rob  and
      Haagsma, Hessel  and
      Plank, Barbara  and
      Wieling, Martijn",
    journal = "Computational Linguistics",
    volume = "43",
    number = "4",
    month = dec,
    year = "2017",
    url = "https://www.aclweb.org/anthology/J17-4007",
    doi = "10.1162/COLI_a_00304",
    pages = "897--904",
}
@article{nn-2017-reviewers,
    title = "Reviewers for Volume 43",
    journal = "Computational Linguistics",
    volume = "43",
    number = "4",
    month = dec,
    year = "2017",
    url = "https://www.aclweb.org/anthology/J17-4008",
    doi = "10.1162/COLI_x_00305",
    pages = "905--905",
}
