@article{cl-2017-linguistics-43,
    title = "Computational Linguistics, Volume 43, Issue 2 - June 2017",
    journal = "Computational Linguistics",
    volume = "43",
    number = "2",
    month = jun,
    year = "2017",
}
@article{irvine-callison-burch-2017-comprehensive,
    title = "A Comprehensive Analysis of Bilingual Lexicon Induction",
    author = "Irvine, Ann  and
      Callison-Burch, Chris",
    journal = "Computational Linguistics",
    volume = "43",
    number = "2",
    month = jun,
    year = "2017",
    url = "https://www.aclweb.org/anthology/J17-2001",
    doi = "10.1162/COLI_a_00284",
    pages = "273--310",
}
@article{ballesteros-etal-2017-greedy,
    title = "Greedy Transition-Based Dependency Parsing with Stack {LSTM}s",
    author = "Ballesteros, Miguel  and
      Dyer, Chris  and
      Goldberg, Yoav  and
      Smith, Noah A.",
    journal = "Computational Linguistics",
    volume = "43",
    number = "2",
    month = jun,
    year = "2017",
    url = "https://www.aclweb.org/anthology/J17-2002",
    doi = "10.1162/COLI_a_00285",
    pages = "311--347",
}
@article{sajjad-etal-2017-statistical,
    title = "Statistical Models for Unsupervised, Semi-Supervised Supervised Transliteration Mining",
    author = {Sajjad, Hassan  and
      Schmid, Helmut  and
      Fraser, Alexander  and
      Sch{\"u}tze, Hinrich},
    journal = "Computational Linguistics",
    volume = "43",
    number = "2",
    month = jun,
    year = "2017",
    url = "https://www.aclweb.org/anthology/J17-2003",
    doi = "10.1162/COLI_a_00286",
    pages = "349--375",
}
@article{chinaei-etal-2017-identifying,
    title = "Identifying and Avoiding Confusion in Dialogue with People with {A}lzheimer{'}s Disease",
    author = "Chinaei, Hamidreza  and
      Currie, Leila Chan  and
      Danks, Andrew  and
      Lin, Hubert  and
      Mehta, Tejas  and
      Rudzicz, Frank",
    journal = "Computational Linguistics",
    volume = "43",
    number = "2",
    month = jun,
    year = "2017",
    url = "https://www.aclweb.org/anthology/J17-2004",
    doi = "10.1162/COLI_a_00290",
    pages = "377--406",
}
@article{jansen-etal-2017-framing,
    title = "Framing {QA} as Building and Ranking Intersentence Answer Justifications",
    author = "Jansen, Peter  and
      Sharp, Rebecca  and
      Surdeanu, Mihai  and
      Clark, Peter",
    journal = "Computational Linguistics",
    volume = "43",
    number = "2",
    month = jun,
    year = "2017",
    url = "https://www.aclweb.org/anthology/J17-2005",
    doi = "10.1162/COLI_a_00287",
    pages = "407--449",
}
@article{paraboni-etal-2017-squib,
    title = "{S}quib: Effects of Cognitive Effort on the Resolution of Overspecified Descriptions",
    author = "Paraboni, Ivandr{\'e}  and
      Lan, Alex Gwo Jen  and
      de Sant{'}Ana, Matheus Mendes  and
      Coutinho, Fl{\'a}vio Luiz",
    journal = "Computational Linguistics",
    volume = "43",
    number = "2",
    month = jun,
    year = "2017",
    url = "https://www.aclweb.org/anthology/J17-2006",
    doi = "10.1162/COLI_a_00288",
    pages = "451--459",
}
@article{ehrmann-2017-book,
    title = "Book Review: Linked Lexical Knowledge Bases Foundations and Applications by Iryna {G}urevych, Judith Eckle-er and {M}ichael Matuschek",
    author = "Ehrmann, Maud",
    journal = "Computational Linguistics",
    volume = "43",
    number = "2",
    month = jun,
    year = "2017",
    url = "https://www.aclweb.org/anthology/J17-2007",
    doi = "10.1162/COLI_r_00289",
    pages = "461--463",
}
