@article{cl-2017-linguistics-43-issue,
    title = "Computational Linguistics, Volume 43, Issue 3 - September 2017",
    journal = "Computational Linguistics",
    volume = "43",
    number = "3",
    month = sep,
    year = "2017",
}
@article{gebhardt-etal-2017-hybrid,
    title = "Hybrid Grammars for Parsing of Discontinuous Phrase Structures and Non-Projective Dependency Structures",
    author = "Gebhardt, Kilian  and
      Nederhof, Mark-Jan  and
      Vogler, Heiko",
    journal = "Computational Linguistics",
    volume = "43",
    number = "3",
    month = sep,
    year = "2017",
    url = "https://www.aclweb.org/anthology/J17-3001",
    doi = "10.1162/COLI_a_00291",
    pages = "465--520",
}
@article{deng-xue-2017-translation,
    title = "Translation Divergences in {C}hinese{--}{E}nglish Machine Translation: An Empirical Investigation",
    author = "Deng, Dun  and
      Xue, Nianwen",
    journal = "Computational Linguistics",
    volume = "43",
    number = "3",
    month = sep,
    year = "2017",
    url = "https://www.aclweb.org/anthology/J17-3002",
    doi = "10.1162/COLI_a_00292",
    pages = "521--565",
}
@article{nguyen-eisenstein-2017-kernel,
    title = "A Kernel Independence Test for Geographical Language Variation",
    author = "Nguyen, Dong  and
      Eisenstein, Jacob",
    journal = "Computational Linguistics",
    volume = "43",
    number = "3",
    month = sep,
    year = "2017",
    url = "https://www.aclweb.org/anthology/J17-3003",
    doi = "10.1162/COLI_a_00293",
    pages = "567--592",
}
@article{rothe-schutze-2017-autoextend,
    title = "{A}uto{E}xtend: Combining Word Embeddings with Semantic Resources",
    author = {Rothe, Sascha  and
      Sch{\"u}tze, Hinrich},
    journal = "Computational Linguistics",
    volume = "43",
    number = "3",
    month = sep,
    year = "2017",
    url = "https://www.aclweb.org/anthology/J17-3004",
    doi = "10.1162/COLI_a_00294",
    pages = "593--617",
}
@article{stab-gurevych-2017-parsing,
    title = "Parsing Argumentation Structures in Persuasive Essays",
    author = "Stab, Christian  and
      Gurevych, Iryna",
    journal = "Computational Linguistics",
    volume = "43",
    number = "3",
    month = sep,
    year = "2017",
    url = "https://www.aclweb.org/anthology/J17-3005",
    doi = "10.1162/COLI_a_00295",
    pages = "619--659",
}
@article{mathet-2017-agreement,
    title = "The Agreement Measure γcat a Complement to γ Focused on Categorization of a Continuum",
    author = "Mathet, Yann",
    journal = "Computational Linguistics",
    volume = "43",
    number = "3",
    month = sep,
    year = "2017",
    url = "https://www.aclweb.org/anthology/J17-3006",
    doi = "10.1162/COLI_a_00296",
    pages = "661--681",
}
