@article{cl-2017-linguistics,
    title = "Computational Linguistics, Volume 43, Issue 1 - {A}pril 2017",
    journal = "Computational Linguistics",
    volume = "43",
    number = "1",
    month = apr,
    year = "2017",
}
@article{gardent-perez-beltrachini-2017-statistical,
    title = "A Statistical, Grammar-Based Approach to Microplanning",
    author = "Gardent, Claire  and
      Perez-Beltrachini, Laura",
    journal = "Computational Linguistics",
    volume = "43",
    number = "1",
    month = apr,
    year = "2017",
    url = "https://www.aclweb.org/anthology/J17-1001",
    doi = "10.1162/COLI_a_00273",
    pages = "1--30",
}
@article{tripodi-pelillo-2017-game,
    title = "A Game-Theoretic Approach to Word Sense Disambiguation",
    author = "Tripodi, Rocco  and
      Pelillo, Marcello",
    journal = "Computational Linguistics",
    volume = "43",
    number = "1",
    month = apr,
    year = "2017",
    url = "https://www.aclweb.org/anthology/J17-1002",
    doi = "10.1162/COLI_a_00274",
    pages = "31--70",
}
@article{shutova-etal-2017-multilingual,
    title = "Multilingual Metaphor Processing: Experiments with Semi-Supervised and Unsupervised Learning",
    author = "Shutova, Ekaterina  and
      Sun, Lin  and
      Dar{\'\i}o Guti{\'e}rrez, Elkin  and
      Lichtenstein, Patricia  and
      Narayanan, Srini",
    journal = "Computational Linguistics",
    volume = "43",
    number = "1",
    month = apr,
    year = "2017",
    url = "https://www.aclweb.org/anthology/J17-1003",
    doi = "10.1162/COLI_a_00275",
    pages = "71--123",
}
@article{habernal-gurevych-2017-argumentation,
    title = "Argumentation Mining in User-Generated Web Discourse",
    author = "Habernal, Ivan  and
      Gurevych, Iryna",
    journal = "Computational Linguistics",
    volume = "43",
    number = "1",
    month = apr,
    year = "2017",
    url = "https://www.aclweb.org/anthology/J17-1004",
    doi = "10.1162/COLI_a_00276",
    pages = "125--179",
}
@article{stilo-velardi-2017-hashtag,
    title = "Hashtag Sense Clustering Based on Temporal Similarity",
    author = "Stilo, Giovanni  and
      Velardi, Paola",
    journal = "Computational Linguistics",
    volume = "43",
    number = "1",
    month = apr,
    year = "2017",
    url = "https://www.aclweb.org/anthology/J17-1005",
    doi = "10.1162/COLI_a_00277",
    pages = "181--200",
}
@article{benamara-etal-2017-evaluative,
    title = "Evaluative Language Beyond Bags of Words: Linguistic Insights and Computational Applications",
    author = "Benamara, Farah  and
      Taboada, Maite  and
      Mathieu, Yannick",
    journal = "Computational Linguistics",
    volume = "43",
    number = "1",
    month = apr,
    year = "2017",
    url = "https://www.aclweb.org/anthology/J17-1006",
    doi = "10.1162/COLI_a_00278",
    pages = "201--264",
}
@article{kim-2017-book,
    title = "Book Review: Biomedical Natural Language Processing by Kevin Bretonnel {C}ohen and Dina Demner-Fushman",
    author = "Kim, Jin-Dong",
    journal = "Computational Linguistics",
    volume = "43",
    number = "1",
    month = apr,
    year = "2017",
    url = "https://www.aclweb.org/anthology/J17-1007",
    doi = "10.1162/COLI_r_00281",
    pages = "265--267",
}
@article{keok-lee-2017-book,
    title = "Book Review: Automatic Detection of Verbal Deception by Eileen Fitzpatrick, Joan Bachenko and Tommaso Fornaciari",
    author = "Keok Lee, Yoong",
    journal = "Computational Linguistics",
    volume = "43",
    number = "1",
    month = apr,
    year = "2017",
    url = "https://www.aclweb.org/anthology/J17-1008",
    doi = "10.1162/COLI_r_00282",
    pages = "269--271",
}
