@article{cl-2018-linguistics-44-issue,
    title = "Computational Linguistics, Volume 44, Issue 3 - September 2018",
    journal = "Computational Linguistics",
    volume = "44",
    number = "3",
    month = sep,
    year = "2018",
}
@article{webber-2018-obituary,
    title = "{O}bituary: Aravind K. Joshi",
    author = "Webber, Bonnie",
    journal = "Computational Linguistics",
    volume = "44",
    number = "3",
    month = sep,
    year = "2018",
    url = "https://www.aclweb.org/anthology/J18-3001",
    doi = "10.1162/coli_a_00321",
    pages = "387--392",
}
@article{reiter-2018-structured,
    title = "A Structured Review of the Validity of {BLEU}",
    author = "Reiter, Ehud",
    journal = "Computational Linguistics",
    volume = "44",
    number = "3",
    month = sep,
    year = "2018",
    url = "https://www.aclweb.org/anthology/J18-3002",
    doi = "10.1162/coli_a_00322",
    pages = "393--401",
}
@article{malmasi-dras-2018-native,
    title = "Native Language Identification With Classifier Stacking and Ensembles",
    author = "Malmasi, Shervin  and
      Dras, Mark",
    journal = "Computational Linguistics",
    volume = "44",
    number = "3",
    month = sep,
    year = "2018",
    url = "https://www.aclweb.org/anthology/J18-3003",
    doi = "10.1162/coli_a_00323",
    pages = "403--446",
}
@article{kuhlmann-etal-2018-complexity,
    title = "On the Complexity of {CCG} Parsing",
    author = "Kuhlmann, Marco  and
      Satta, Giorgio  and
      Jonsson, Peter",
    journal = "Computational Linguistics",
    volume = "44",
    number = "3",
    month = sep,
    year = "2018",
    url = "https://www.aclweb.org/anthology/J18-3004",
    doi = "10.1162/coli_a_00324",
    pages = "447--482",
}
@article{riedl-biemann-2018-using,
    title = "Using Semantics for Granularities of Tokenization",
    author = "Riedl, Martin  and
      Biemann, Chris",
    journal = "Computational Linguistics",
    volume = "44",
    number = "3",
    month = sep,
    year = "2018",
    url = "https://www.aclweb.org/anthology/J18-3005",
    doi = "10.1162/coli_a_00325",
    pages = "483--524",
}
@article{naim-etal-2018-feature,
    title = "Feature-Based Decipherment for Machine Translation",
    author = "Naim, Iftekhar  and
      Riley, Parker  and
      Gildea, Daniel",
    journal = "Computational Linguistics",
    volume = "44",
    number = "3",
    month = sep,
    year = "2018",
    url = "https://www.aclweb.org/anthology/J18-3006",
    doi = "10.1162/coli_a_00326",
    pages = "525--546",
}
@article{kolhatkar-etal-2018-survey,
    title = "{S}urvey: Anaphora With Non-nominal Antecedents in Computational Linguistics: a {S}urvey",
    author = "Kolhatkar, Varada  and
      Roussel, Adam  and
      Dipper, Stefanie  and
      Zinsmeister, Heike",
    journal = "Computational Linguistics",
    volume = "44",
    number = "3",
    month = sep,
    year = "2018",
    url = "https://www.aclweb.org/anthology/J18-3007",
    doi = "10.1162/coli_a_00327",
    pages = "547--612",
}
