@article{cl-2018-linguistics-44,
    title = "Computational Linguistics, Volume 44, Issue 2 - June 2018",
    journal = "Computational Linguistics",
    volume = "44",
    number = "2",
    month = jun,
    year = "2018",
}
@article{morey-etal-2018-dependency,
    title = "A Dependency Perspective on {RST} Discourse Parsing and Evaluation",
    author = "Morey, Mathieu  and
      Muller, Philippe  and
      Asher, Nicholas",
    journal = "Computational Linguistics",
    volume = "44",
    number = "2",
    month = jun,
    year = "2018",
    url = "https://www.aclweb.org/anthology/J18-2001",
    doi = "10.1162/COLI_a_00314",
    pages = "197--235",
}
@article{hou-etal-2018-unrestricted,
    title = "Unrestricted Bridging Resolution",
    author = "Hou, Yufang  and
      Markert, Katja  and
      Strube, Michael",
    journal = "Computational Linguistics",
    volume = "44",
    number = "2",
    month = jun,
    year = "2018",
    url = "https://www.aclweb.org/anthology/J18-2002",
    doi = "10.1162/COLI_a_00315",
    pages = "237--284",
}
@article{morrill-valentin-2018-spurious,
    title = "Spurious Ambiguity and Focalization",
    author = "Morrill, Glyn  and
      Valent{\'\i}n, Oriol",
    journal = "Computational Linguistics",
    volume = "44",
    number = "2",
    month = jun,
    year = "2018",
    url = "https://www.aclweb.org/anthology/J18-2003",
    doi = "10.1162/COLI_a_00316",
    pages = "285--327",
}
@article{voeten-van-zaanen-2018-influence,
    title = "The Influence of Context on the Learning of Metrical Stress Systems Using Finite-State Machines",
    author = "Voeten, Cesko  and
      van Zaanen, Menno",
    journal = "Computational Linguistics",
    volume = "44",
    number = "2",
    month = jun,
    year = "2018",
    url = "https://www.aclweb.org/anthology/J18-2004",
    doi = "10.1162/COLI_a_00317",
    pages = "329--348",
}
@article{can-manandhar-2018-tree,
    title = "Tree Structured {D}irichlet Processes for Hierarchical Morphological Segmentation",
    author = "Can, Burcu  and
      Manandhar, Suresh",
    journal = "Computational Linguistics",
    volume = "44",
    number = "2",
    month = jun,
    year = "2018",
    url = "https://www.aclweb.org/anthology/J18-2005",
    doi = "10.1162/COLI_a_00318",
    pages = "349--374",
}
@article{huang-2018-domain,
    title = {Domain-Sensitive Temporal Tagging By Jannik Str{\"o}tgen, {M}ichael Gertz},
    author = "Huang, Ruihong",
    journal = "Computational Linguistics",
    volume = "44",
    number = "2",
    month = jun,
    year = "2018",
    url = "https://www.aclweb.org/anthology/J18-2006",
    doi = "10.1162/COLI_r_00319",
    pages = "375--377",
}
@article{merlo-2018-festina,
    title = "Festina Lente: A Farewell from the Editor",
    author = "Merlo, Paola",
    journal = "Computational Linguistics",
    volume = "44",
    number = "2",
    month = jun,
    year = "2018",
    url = "https://www.aclweb.org/anthology/J18-2007",
    doi = "10.1162/COLI_e_00320",
    pages = "379--385",
}
