@article{cl-2018-linguistics,
    title = "Computational Linguistics, Volume 44, Issue 1 - {A}pril 2018",
    journal = "Computational Linguistics",
    volume = "44",
    number = "1",
    month = mar,
    year = "2018",
}
@article{grosz-2018-smart,
    title = "Smart Enough to Talk With Us? Foundations and Challenges for Dialogue Capable {AI} Systems",
    author = "Grosz, Barbara J.",
    journal = "Computational Linguistics",
    volume = "44",
    number = "1",
    month = mar,
    year = "2018",
    url = "https://www.aclweb.org/anthology/J18-1001",
    doi = "10.1162/COLI_a_00313",
    pages = "1--15",
}
@article{sanchez-etal-2018-derivational,
    title = "On the Derivational Entropy of Left-to-Right Probabilistic Finite-State Automata and Hidden {M}arkov Models",
    author = "S{\'a}nchez, Joan Andreu  and
      Rocha, Martha Alicia  and
      Romero, Ver{\'o}nica  and
      Villegas, Mauricio",
    journal = "Computational Linguistics",
    volume = "44",
    number = "1",
    month = mar,
    year = "2018",
    url = "https://www.aclweb.org/anthology/J18-1002",
    doi = "10.1162/COLI_a_00306",
    pages = "17--37",
}
@article{manshadi-etal-2018-notion,
    title = "A Notion of Semantic Coherence for Underspecified Semantic Representation",
    author = "Manshadi, Mehdi  and
      Gildea, Daniel  and
      Allen, James F.",
    journal = "Computational Linguistics",
    volume = "44",
    number = "1",
    month = mar,
    year = "2018",
    url = "https://www.aclweb.org/anthology/J18-1003",
    doi = "10.1162/COLI_a_00307",
    pages = "39--83",
}
@article{gildea-etal-2018-cache,
    title = "Cache Transition Systems for Graph Parsing",
    author = "Gildea, Daniel  and
      Satta, Giorgio  and
      Peng, Xiaochang",
    journal = "Computational Linguistics",
    volume = "44",
    number = "1",
    month = mar,
    year = "2018",
    url = "https://www.aclweb.org/anthology/J18-1004",
    doi = "10.1162/COLI_a_00308",
    pages = "85--118",
}
@article{chiang-etal-2018-weighted,
    title = "Weighted {DAG} Automata for Semantic Graphs",
    author = "Chiang, David  and
      Drewes, Frank  and
      Gildea, Daniel  and
      Lopez, Adam  and
      Satta, Giorgio",
    journal = "Computational Linguistics",
    volume = "44",
    number = "1",
    month = mar,
    year = "2018",
    url = "https://www.aclweb.org/anthology/J18-1005",
    doi = "10.1162/COLI_a_00309",
    pages = "119--186",
}
@article{duh-2018-book,
    title = "Book Review: {B}ayesian Analysis in Natural Language Processing by Shay {C}ohen",
    author = "Duh, Kevin",
    journal = "Computational Linguistics",
    volume = "44",
    number = "1",
    month = mar,
    year = "2018",
    url = "https://www.aclweb.org/anthology/J18-1006",
    doi = "10.1162/COLI_r_00310",
    pages = "187--189",
}
@article{strapparava-2018-metaphor,
    title = "{M}etaphor: A Computational Perspective by Tony Veale, Ekaterina {S}hutova and Beata Beigman Klebanov",
    author = "Strapparava, Carlo",
    journal = "Computational Linguistics",
    volume = "44",
    number = "1",
    month = mar,
    year = "2018",
    url = "https://www.aclweb.org/anthology/J18-1007",
    doi = "10.1162/COLI_r_00311",
    pages = "191--192",
}
@article{liu-zhang-2018-neural,
    title = "Neural Network Methods for Natural Language Processing by Yoav {G}oldberg",
    author = "Liu, Yang  and
      Zhang, Meng",
    journal = "Computational Linguistics",
    volume = "44",
    number = "1",
    month = mar,
    year = "2018",
    url = "https://www.aclweb.org/anthology/J18-1008",
    doi = "10.1162/",
    pages = "193--195",
}
