@article{cl-2018-linguistics-44-issue-4,
    title = "Computational Linguistics, Volume 44, Issue 4 - {D}ecember 2018",
    journal = "Computational Linguistics",
    volume = "44",
    number = "4",
    month = dec,
    year = "2018",
}
@article{steedman-2018-lost,
    title = "The Lost Combinator",
    author = "Steedman, Mark",
    journal = "Computational Linguistics",
    volume = "44",
    number = "4",
    month = dec,
    year = "2018",
    url = "https://www.aclweb.org/anthology/J18-4001",
    doi = "10.1162/coli_a_00328",
    pages = "613--629",
}
@article{zinn-2018-squib,
    title = "{S}quib: The Language Resource Switchboard",
    author = "Zinn, Claus",
    journal = "Computational Linguistics",
    volume = "44",
    number = "4",
    month = dec,
    year = "2018",
    url = "https://www.aclweb.org/anthology/J18-4002",
    doi = "10.1162/coli_a_00329",
    pages = "631--639",
}
@article{wieling-etal-2018-squib,
    title = "{S}quib: Reproducibility in Computational Linguistics: Are We Willing to Share?",
    author = "Wieling, Martijn  and
      Rawee, Josine  and
      van Noord, Gertjan",
    journal = "Computational Linguistics",
    volume = "44",
    number = "4",
    month = dec,
    year = "2018",
    url = "https://www.aclweb.org/anthology/J18-4003",
    doi = "10.1162/coli_a_00330",
    pages = "641--649",
}
@article{weischedel-boschee-2018-last,
    title = "Last Words: What Can Be Accomplished with the State of the Art in Information Extraction? A Personal View",
    author = "Weischedel, Ralph  and
      Boschee, Elizabeth",
    journal = "Computational Linguistics",
    volume = "44",
    number = "4",
    month = dec,
    year = "2018",
    url = "https://www.aclweb.org/anthology/J18-4004",
    doi = "10.1162/coli_a_00331",
    pages = "651--658",
}
@article{wan-2018-book,
    title = "Book Review: Automatic Text Simplification by Horacio Saggion",
    author = "Wan, Xiaojun",
    journal = "Computational Linguistics",
    volume = "44",
    number = "4",
    month = dec,
    year = "2018",
    url = "https://www.aclweb.org/anthology/J18-4005",
    doi = "10.1162/coli_r_00332",
    pages = "659--661",
}
@article{benamara-etal-2018-introduction,
    title = "Introduction to the Special Issue on Language in Social Media: Exploiting Discourse and Other Contextual Information",
    author = "Benamara, Farah  and
      Inkpen, Diana  and
      Taboada, Maite",
    journal = "Computational Linguistics",
    volume = "44",
    number = "4",
    month = dec,
    year = "2018",
    url = "https://www.aclweb.org/anthology/J18-4006",
    doi = "10.1162/coli_a_00333",
    pages = "663--681",
}
@article{kiesling-etal-2018-interactional,
    title = "Interactional Stancetaking in Online Forums",
    author = "Kiesling, Scott F.  and
      Pavalanathan, Umashanthi  and
      Fitzpatrick, Jim  and
      Han, Xiaochuang  and
      Eisenstein, Jacob",
    journal = "Computational Linguistics",
    volume = "44",
    number = "4",
    month = dec,
    year = "2018",
    url = "https://www.aclweb.org/anthology/J18-4007",
    doi = "10.1162/coli_a_00334",
    pages = "683--718",
}
@article{li-etal-2018-joint,
    title = "A Joint Model of Conversational Discourse Latent Topics on Microblogs",
    author = "Li, Jing  and
      Song, Yan  and
      Wei, Zhongyu  and
      Wong, Kam-Fai",
    journal = "Computational Linguistics",
    volume = "44",
    number = "4",
    month = dec,
    year = "2018",
    url = "https://www.aclweb.org/anthology/J18-4008",
    doi = "10.1162/coli_a_00335",
    pages = "719--754",
}
@article{ghosh-etal-2018-sarcasm,
    title = "Sarcasm Analysis Using Conversation Context",
    author = "Ghosh, Debanjan  and
      Fabbri, Alexander R.  and
      Muresan, Smaranda",
    journal = "Computational Linguistics",
    volume = "44",
    number = "4",
    month = dec,
    year = "2018",
    url = "https://www.aclweb.org/anthology/J18-4009",
    doi = "10.1162/coli_a_00336",
    pages = "755--792",
}
@article{van-hee-etal-2018-usually,
    title = "We Usually Don{'}t Like Going to the Dentist: Using Common Sense to Detect Irony on Twitter",
    author = "Van Hee, Cynthia  and
      Lefever, Els  and
      Hoste, V{\'e}ronique",
    journal = "Computational Linguistics",
    volume = "44",
    number = "4",
    month = dec,
    year = "2018",
    url = "https://www.aclweb.org/anthology/J18-4010",
    doi = "10.1162/coli_a_00337",
    pages = "793--832",
}
@article{cocarascu-toni-2018-combining,
    title = "Combining Deep Learning and Argumentative Reasoning for the Analysis of Social Media Textual Content Using Small Data Sets",
    author = "Cocarascu, Oana  and
      Toni, Francesca",
    journal = "Computational Linguistics",
    volume = "44",
    number = "4",
    month = dec,
    year = "2018",
    url = "https://www.aclweb.org/anthology/J18-4011",
    doi = "10.1162/coli_a_00338",
    pages = "833--858",
}
@article{joty-mohiuddin-2018-modeling,
    title = "Modeling Speech Acts in Asynchronous Conversations: A Neural-{CRF} Approach",
    author = "Joty, Shafiq  and
      Mohiuddin, Tasnim",
    journal = "Computational Linguistics",
    volume = "44",
    number = "4",
    month = dec,
    year = "2018",
    url = "https://www.aclweb.org/anthology/J18-4012",
    doi = "10.1162/coli_a_00339",
    pages = "859--894",
}
@article{nn-2018-reviewers,
    title = "Reviewers for Volume 44",
    journal = "Computational Linguistics",
    volume = "44",
    number = "4",
    month = dec,
    year = "2018",
    url = "https://www.aclweb.org/anthology/J18-4013",
    doi = "10.1162/coli_x_00340",
    pages = "895--896",
}
