@article{cl-2019-linguistics,
    title = "Computational Linguistics, Volume 45, Issue 1 - March 2019",
    journal = "Computational Linguistics",
    volume = "45",
    number = "1",
    month = mar,
    year = "2019",
}
@article{cordeiro-etal-2019-unsupervised,
    title = "Unsupervised Compositionality Prediction of Nominal Compounds",
    author = "Cordeiro, Silvio  and
      Villavicencio, Aline  and
      Idiart, Marco  and
      Ramisch, Carlos",
    journal = "Computational Linguistics",
    volume = "45",
    number = "1",
    month = mar,
    year = "2019",
    url = "https://www.aclweb.org/anthology/J19-1001",
    doi = "10.1162/coli_a_00341",
    pages = "1--57",
}
@article{cheng-etal-2019-learning,
    title = "Learning an Executable Neural Semantic Parser",
    author = "Cheng, Jianpeng  and
      Reddy, Siva  and
      Saraswat, Vijay  and
      Lapata, Mirella",
    journal = "Computational Linguistics",
    volume = "45",
    number = "1",
    month = mar,
    year = "2019",
    url = "https://www.aclweb.org/anthology/J19-1002",
    doi = "10.1162/coli_a_00342",
    pages = "59--94",
}
@article{sun-etal-2019-parsing,
    title = "Parsing {C}hinese Sentences with Grammatical Relations",
    author = "Sun, Weiwei  and
      Chen, Yufei  and
      Wan, Xiaojun  and
      Liu, Meichun",
    journal = "Computational Linguistics",
    volume = "45",
    number = "1",
    month = mar,
    year = "2019",
    url = "https://www.aclweb.org/anthology/J19-1003",
    doi = "10.1162/coli_a_00343",
    pages = "95--136",
}
@article{list-2019-automatic,
    title = "Automatic Inference of Sound Correspondence Patterns across Multiple Languages",
    author = "List, Johann-Mattis",
    journal = "Computational Linguistics",
    volume = "45",
    number = "1",
    month = mar,
    year = "2019",
    url = "https://www.aclweb.org/anthology/J19-1004",
    doi = "10.1162/coli_a_00344",
    pages = "137--161",
}
@article{wu-etal-2019-sequential,
    title = "A Sequential Matching Framework for Multi-Turn Response Selection in Retrieval-Based Chatbots",
    author = "Wu, Yu  and
      Wu, Wei  and
      Xing, Chen  and
      Xu, Can  and
      Li, Zhoujun  and
      Zhou, Ming",
    journal = "Computational Linguistics",
    volume = "45",
    number = "1",
    month = mar,
    year = "2019",
    url = "https://www.aclweb.org/anthology/J19-1005",
    doi = "10.1162/coli_a_00345",
    pages = "163--197",
}
