@INPROCEEDINGS{tacl-1805,
  AUTHOR = {Tianming Wang and Xiaojun Wan and Hanqi Jin},
  TITLE = {[TACL] AMR-To-Text Generation with Graph Transformer \%by Tianming Wang, Xiaojun Wan, Hanqi Jin},
  SORTNAME = {[TACL] AMR-To-Text Generation with Graph Transformer %by Tianming Wang, Xiaojun Wan, Hanqi Jin}}

@INPROCEEDINGS{tacl-1779,
  AUTHOR = {Sorami Hisamoto and Matt Post and Kevin Duh},
  TITLE = {[TACL] Membership Inference Attacks on Sequence-to-Sequence Models: Is My Data In Your Machine Translation System? \%by Sorami Hisamoto, Matt Post, Kevin Duh},
  SORTNAME = {[TACL] Membership Inference Attacks on Sequence-to-Sequence Models: Is My Data In Your Machine Translation System? %by Sorami Hisamoto, Matt Post, Kevin Duh}}

@INPROCEEDINGS{tacl-1853,
  AUTHOR = {Mandar Joshi and Danqi Chen and Yinhan Liu and Daniel S. Weld and Luke Zettlemoyer and Omer Levy},
  TITLE = {[TACL] SpanBERT: Improving Pre-training by Representing and Predicting Spans \%by Mandar Joshi, Danqi Chen, Yinhan Liu, Daniel S. Weld, Luke Zettlemoyer, Omer Levy},
  SORTNAME = {[TACL] SpanBERT: Improving Pre-training by Representing and Predicting Spans %by Mandar Joshi, Danqi Chen, Yinhan Liu, Daniel S. Weld, Luke Zettlemoyer, Omer Levy}}

@INPROCEEDINGS{tacl-1876,
  AUTHOR = {Hang Yan and Xipeng Qiu and Xuanjing Huang},
  TITLE = {[TACL] A Graph-based Model for Joint Chinese Word Segmentation and Dependency Parsing \%by Hang Yan, Xipeng Qiu, Xuanjing Huang},
  SORTNAME = {[TACL] A Graph-based Model for Joint Chinese Word Segmentation and Dependency Parsing %by Hang Yan, Xipeng Qiu, Xuanjing Huang}}

@INPROCEEDINGS{tacl-1886,
  AUTHOR = {Jian Guan and Fei Huang and Minlie Huang and Zhihao Zhao and Xiaoyan Zhu},
  TITLE = {[TACL] A Knowledge-Enhanced Pretraining Model for Commonsense Story Generation \%by Jian Guan, Fei Huang, Minlie Huang, Zhihao Zhao, Xiaoyan Zhu},
  SORTNAME = {[TACL] A Knowledge-Enhanced Pretraining Model for Commonsense Story Generation %by Jian Guan, Fei Huang, Minlie Huang, Zhihao Zhao, Xiaoyan Zhu}}

@INPROCEEDINGS{tacl-1906,
  AUTHOR = {Shuyan Zhou and Shruti Rijhwani and John Wieting and Jaime Carbonell and Graham Neubig},
  TITLE = {[TACL] Improving Candidate Generation for Low-resource Cross-lingual Entity Linking \%by Shuyan Zhou, Shruti Rijhwani, John Wieting, Jaime Carbonell, Graham Neubig},
  SORTNAME = {[TACL] Improving Candidate Generation for Low-resource Cross-lingual Entity Linking %by Shuyan Zhou, Shruti Rijhwani, John Wieting, Jaime Carbonell, Graham Neubig}}

@INPROCEEDINGS{tacl-1892,
  AUTHOR = {R. Thomas McCoy and Robert Frank and Tal Linzen},
  TITLE = {[TACL] Does Syntax Need to Grow on Trees? Sources of Hierarchical Inductive Bias in Sequence-to-Sequence Networks \%by R. Thomas McCoy, Robert Frank, Tal Linzen},
  SORTNAME = {[TACL] Does Syntax Need to Grow on Trees? Sources of Hierarchical Inductive Bias in Sequence-to-Sequence Networks %by R. Thomas McCoy, Robert Frank, Tal Linzen}}

@INPROCEEDINGS{tacl-1882,
  AUTHOR = {Kai Sun and Dian Yu and Dong Yu and Claire Cardie},
  TITLE = {[TACL] Investigating Prior Knowledge for Challenging Chinese Machine Reading Comprehension \%by Kai Sun, Dian Yu, Dong Yu, Claire Cardie},
  SORTNAME = {[TACL] Investigating Prior Knowledge for Challenging Chinese Machine Reading Comprehension %by Kai Sun, Dian Yu, Dong Yu, Claire Cardie}}

@INPROCEEDINGS{tacl-1843,
  AUTHOR = {Ji Zhang and Chengyao Chen and Pengfei Liu and Chao He and Cane Wing-Ki Leung},
  TITLE = {[TACL] Target-Guided Structured Attention Network for Target-dependent Sentiment Analysis \%by Ji Zhang, Chengyao Chen, Pengfei Liu, Chao He, Cane Wing-Ki Leung},
  SORTNAME = {[TACL] Target-Guided Structured Attention Network for Target-dependent Sentiment Analysis %by Ji Zhang, Chengyao Chen, Pengfei Liu, Chao He, Cane Wing-Ki Leung}}

@INPROCEEDINGS{tacl-1845,
  AUTHOR = {Tomer Wolfson and Mor Geva and Ankit Gupta and Yoav Goldberg and Matt Gardner and Daniel Deutch and Jonathan Berant},
  TITLE = {[TACL] Break It Down: A Question Understanding Benchmark \%by Tomer Wolfson, Mor Geva, Ankit Gupta, Yoav Goldberg, Matt Gardner, Daniel Deutch, Jonathan Berant},
  SORTNAME = {[TACL] Break It Down: A Question Understanding Benchmark %by Tomer Wolfson, Mor Geva, Ankit Gupta, Yoav Goldberg, Matt Gardner, Daniel Deutch, Jonathan Berant}}

@INPROCEEDINGS{tacl-1834,
  AUTHOR = {Xi (Leslie) Chen and Sarah Ita Levitan and Michelle Levine and Marko Mandic and Julia Hirschberg},
  TITLE = {[TACL] Acoustic-Prosodic and Lexical Cues to Deception and Trust: Deciphering How People Detect Lies \%by Xi (Leslie) Chen, Sarah Ita Levitan, Michelle Levine, Marko Mandic, and Julia Hirschberg},
  SORTNAME = {[TACL] Acoustic-Prosodic and Lexical Cues to Deception and Trust: Deciphering How People Detect Lies %by Xi (Leslie) Chen, Sarah Ita Levitan, Michelle Levine, Marko Mandic, and Julia Hirschberg}}

@INPROCEEDINGS{tacl-1811,
  AUTHOR = {Noriki Nishida and Hideki Nakayama},
  TITLE = {[TACL] Unsupervised Discourse Constituency Parsing Using Viterbi EM \%by Noriki Nishida, Hideki Nakayama},
  SORTNAME = {[TACL] Unsupervised Discourse Constituency Parsing Using Viterbi EM %by Noriki Nishida, Hideki Nakayama}}

@INPROCEEDINGS{tacl-1912,
  AUTHOR = {Vesna G. Djokic and Jean Maillard and Luana Bulat and Ekaterina Shutova},
  TITLE = {[TACL] Decoding Brain Activity Associated with Literal and Metaphoric Sentence Comprehension using Distributional Semantic Models \%by Vesna G. Djokic, Jean Maillard, Luana Bulat, Ekaterina Shutova},
  SORTNAME = {[TACL] Decoding Brain Activity Associated with Literal and Metaphoric Sentence Comprehension using Distributional Semantic Models %by Vesna G. Djokic, Jean Maillard, Luana Bulat, Ekaterina Shutova}}

@INPROCEEDINGS{tacl-1743,
  AUTHOR = {Burr Settles and Masato Hagiwara and Geoffrey T. LaFlair},
  TITLE = {[TACL] Machine Learning Driven Language Assessment \%by Burr Settles, Masato Hagiwara, Geoffrey T. LaFlair},
  SORTNAME = {[TACL] Machine Learning Driven Language Assessment %by Burr Settles, Masato Hagiwara, Geoffrey T. LaFlair}}

@INPROCEEDINGS{tacl-1849,
  AUTHOR = {Sascha Rothe and Shashi Narayan and Aliaksei Severyn},
  TITLE = {[TACL] Leveraging Pre-trained Checkpoints for Sequence Generation Tasks \%by Sascha Rothe, Shashi Narayan and Aliaksei Severyn},
  SORTNAME = {[TACL] Leveraging Pre-trained Checkpoints for Sequence Generation Tasks %by Sascha Rothe, Shashi Narayan and Aliaksei Severyn}}

@INPROCEEDINGS{tacl-1901,
  AUTHOR = {Qi Zhu and Kaili Huang and Zheng Zhang and Xiaoyan Zhu and Minlie Huang},
  TITLE = {[TACL] CrossWOZ: A Large-Scale Chinese Cross-Domain Task-Oriented Dialogue Dataset \%by Qi Zhu, Kaili Huang, Zheng Zhang, Xiaoyan Zhu, Minlie Huang},
  SORTNAME = {[TACL] CrossWOZ: A Large-Scale Chinese Cross-Domain Task-Oriented Dialogue Dataset %by Qi Zhu, Kaili Huang, Zheng Zhang, Xiaoyan Zhu, Minlie Huang}}

@INPROCEEDINGS{tacl-1915,
  AUTHOR = {Jey Han Lau and Carlos Santos Armendariz and Matthew Purver and Chang Shu and Shalom Lappin},
  TITLE = {[TACL] How Furiously Can Colourless Green Ideas Sleep? Sentence Acceptability in Context \%by Jey Han Lau, Carlos Santos Armendariz, Matthew Purver, Chang Shu, Shalom Lappin},
  SORTNAME = {[TACL] How Furiously Can Colourless Green Ideas Sleep? Sentence Acceptability in Context %by Jey Han Lau, Carlos Santos Armendariz, Matthew Purver, Chang Shu, Shalom Lappin}}

@INPROCEEDINGS{tacl-1903,
  AUTHOR = {Kushal Arora and Aishik Chakraborty and Jackie Chi Kit Cheung},
  TITLE = {[TACL] Learning Lexical Subspaces in a Distributional Vector Space \%by Kushal Arora, Aishik Chakraborty, Jackie Chi Kit Cheung},
  SORTNAME = {[TACL] Learning Lexical Subspaces in a Distributional Vector Space %by Kushal Arora, Aishik Chakraborty, Jackie Chi Kit Cheung}}

@INPROCEEDINGS{tacl-1766,
  AUTHOR = {Liunian Harold Li and Patrick H. Chen and Cho-Jui Hsieh and Kai-Wei Chang},
  TITLE = {[TACL] Efficient Contextual Representation Learning With Continuous Outputs \%by Liunian Harold Li, Patrick H. Chen, Cho-Jui Hsieh, Kai-Wei Chang},
  SORTNAME = {[TACL] Efficient Contextual Representation Learning With Continuous Outputs %by Liunian Harold Li, Patrick H. Chen, Cho-Jui Hsieh, Kai-Wei Chang}}

@INPROCEEDINGS{tacl-1780,
  AUTHOR = {Ellie Pavlick and Tom Kwiatkowski},
  TITLE = {[TACL] Inherent Disagreements in Human Textual Inferences \%by Ellie Pavlick, Tom Kwiatkowski},
  SORTNAME = {[TACL] Inherent Disagreements in Human Textual Inferences %by Ellie Pavlick, Tom Kwiatkowski}}

@INPROCEEDINGS{tacl-1801,
  AUTHOR = {Guy Rotman and Roi Reichart},
  TITLE = {[TACL] Deep Contextualized Self-training for Low Resource Dependency Parsing \%by Guy Rotman, Roi Reichart},
  SORTNAME = {[TACL] Deep Contextualized Self-training for Low Resource Dependency Parsing %by Guy Rotman, Roi Reichart}}

@INPROCEEDINGS{tacl-1756,
  AUTHOR = {Anne Cocos and Chris Callison-Burch},
  TITLE = {[TACL] Paraphrase-Sense-Tagged Sentences \%by Anne Cocos, Chris Callison-Burch},
  SORTNAME = {[TACL] Paraphrase-Sense-Tagged Sentences %by Anne Cocos, Chris Callison-Burch}}

@INPROCEEDINGS{tacl-1815,
  AUTHOR = {Michael Hahn},
  TITLE = {Theoretical Limitations of Self-Attention in Neural Sequence Models},
  SORTNAME = {Theoretical Limitations of Self-Attention in Neural Sequence Models}}

@INPROCEEDINGS{tacl-1709,
  AUTHOR = {Michael Hahn and Marco Baroni},
  TITLE = {Tabula nearly rasa: Probing the linguistic knowledge of character-level neural language models trained on unsegmented text},
  SORTNAME = {Tabula nearly rasa: Probing the linguistic knowledge of character-level neural language models trained on unsegmented text}}

@INPROCEEDINGS{tacl-1720,
  AUTHOR = {Venkata Subrahmanyan Govindarajan and Benjamin Van Durme and Aaron Steven White},
  TITLE = {Decomposing Generalization: Models of Generic, Habitual and Episodic Statements},
  SORTNAME = {Decomposing Generalization: Models of Generic, Habitual and Episodic Statements}}

@INPROCEEDINGS{tacl-1727,
  AUTHOR = {Amichay Doitch and Ram Yazdi and Tamir Hazan and Roi Reichart},
  TITLE = {Perturbation Based Learning for Structured NLP Tasks with Application to Dependency Parsing},
  SORTNAME = {Perturbation Based Learning for Structured NLP Tasks with Application to Dependency Parsing}}

@INPROCEEDINGS{tacl-1852,
  AUTHOR = {Allyson Ettinger},
  TITLE = {What BERT is Not: Lessons from a New Suite of Psycholinguistic Diagnostics for Language Models},
  SORTNAME = {What BERT is Not: Lessons from a New Suite of Psycholinguistic Diagnostics for Language Models}}

@INPROCEEDINGS{tacl-1759,
  AUTHOR = {Tiago Pimentel and Brian Roark and Ryan D. Cotterell},
  TITLE = {Phonotactic Complexity and its Trade-offs},
  SORTNAME = {Phonotactic Complexity and its Trade-offs}}

@INPROCEEDINGS{tacl-2001,
  AUTHOR = {Lei Yu and Laurent Sartran and Wojciech Stokowiec and Wang Ling and Lingpeng Kong and Phil Blunsom and Chris Dyer},
  TITLE = {Better Document-level Machine Translation with Bayes' Rule},
  SORTNAME = {Better Document-level Machine Translation with Bayes' Rule}}

@INPROCEEDINGS{tacl-1929,
  AUTHOR = {Jonathan H Clark and Jennimaria Palomaki and Vitaly Nikolaev and Eunsol Choi and Dan Garrette and Michael Collins and Tom Kwiatkowski},
  TITLE = {TyDi QA: A Benchmark for Information-Seeking Question Answering in Typologically Diverse Languages},
  SORTNAME = {TyDi QA: A Benchmark for Information-Seeking Question Answering in Typologically Diverse Languages}}

@INPROCEEDINGS{tacl-1967,
  AUTHOR = {Ashutosh Kumar and Kabir Ahuja and Raghuram Vadapalli and Partha Talukdar},
  TITLE = {Syntax-guided Controlled Generation of Paraphrases},
  SORTNAME = {Syntax-guided Controlled Generation of Paraphrases}}

