@INPROCEEDINGS{Challenge-HML-020,
   AUTHOR = {Sahay, Saurav and Okur, Eda and H Kumar, shachi and Nachman, Lama},
   SORTNAME = {Sahay, Saurav and Okur, Eda and H Kumar, shachi and Nachman, Lama},
   TITLE = {Low Rank Fusion based Transformers for Multimodal Sequences}}
@INPROCEEDINGS{Challenge-HML-018,
   AUTHOR = {Roesler, Oliver},
   SORTNAME = {Roesler, Oliver},
   TITLE = {Unsupervised Online Grounding of Natural Language during Human-Robot Interactions}}
@INPROCEEDINGS{Challenge-HML-010,
   AUTHOR = {singh, yuvaram and JV, Kameshwar Rao},
   SORTNAME = {singh, yuvaram and JV, Kameshwar Rao},
   TITLE = {AI Sensing for Robotics using Deep Learning based Visual and Language Modeling}}
@INPROCEEDINGS{Challenge-HML-019,
   AUTHOR = {Delbrouck, Jean-Benoit and Tits, Noé and Brousmiche, Mathilde and Dupont, Stéphane},
   SORTNAME = {Delbrouck, Jean-Benoit and Tits, Noe and Brousmiche, Mathilde and Dupont, Stephane},
   TITLE = {A Transformer-based joint-encoding for Emotion Recognition and Sentiment Analysis}}
@INPROCEEDINGS{Challenge-HML-021,
   AUTHOR = {Okur, Eda and H Kumar, shachi and Sahay, Saurav and Nachman, Lama},
   SORTNAME = {Okur, Eda and H Kumar, shachi and Sahay, Saurav and Nachman, Lama},
   TITLE = {Audio-Visual Understanding of Passenger Intents for In-Cabin Conversational Agents}}
@INPROCEEDINGS{Challenge-HML-015,
   AUTHOR = {Halbe, Shaunak},
   SORTNAME = {Halbe, Shaunak},
   TITLE = {Exploring Weaknesses of {VQA} Models through Attribution Driven Insights}}
@INPROCEEDINGS{Challenge-HML-012,
   AUTHOR = {Shenoy, Aman and Sardana, Ashish},
   SORTNAME = {Shenoy, Aman and Sardana, Ashish},
   TITLE = {Multilogue-Net: A Context-Aware RNN for Multi-modal Emotion Detection and Sentiment Analysis in Conversation}}
@INPROCEEDINGS{Challenge-HML-013,
   AUTHOR = {Marrese-Taylor, Edison and Rodriguez, Cristian and Balazs, Jorge and Gould, Stephen and Matsuo, Yutaka},
   SORTNAME = {Marrese-Taylor, Edison and Rodriguez, Cristian and Balazs, Jorge and Gould, Stephen and Matsuo, Yutaka},
   TITLE = {A Multi-modal Approach to Fine-grained Opinion Mining on Video Reviews}}
@INPROCEEDINGS{Challenge-HML-014,
   AUTHOR = {Agrawal, Anumeha and Anil George, Rosa and Ravi, Selvan Sunitha and Kamath S, Sowmya and Kumar, Anand},
   SORTNAME = {Agrawal, Anumeha and Anil George, Rosa and Ravi, Selvan Sunitha and Kamath S, Sowmya and Kumar, Anand},
   TITLE = {Leveraging Multimodal Behavioral Analytics for Automated Job Interview Performance Assessment and Feedback}}
