@INPROCEEDINGS{EVENTS-001,
   AUTHOR = {Rastogi, Pushpendre and Van Durme, Benjamin},
   SORTNAME = {Rastogi, Pushpendre and Van Durme, Benjamin},
   TITLE = {Augmenting FrameNet Via PPDB}}
@INPROCEEDINGS{EVENTS-011,
   AUTHOR = {Monahan, Sean and Brunson, Mary},
   SORTNAME = {Monahan, Sean and Brunson, Mary},
   TITLE = {Qualities of Eventiveness}}
@INPROCEEDINGS{EVENTS-012,
   AUTHOR = {Araki, Jun and Hovy, Eduard and Mitamura, Teruko},
   SORTNAME = {Araki, Jun and Hovy, Eduard and Mitamura, Teruko},
   TITLE = {Evaluation for Partial Event Coreference}}
@INPROCEEDINGS{EVENTS-002,
   AUTHOR = {Dušek, Ondřej and Hajič, Jan and Urešová, Zdeňka},
   SORTNAME = {Dusek, Ondrej and Hajic, Jan and Uresova, Zdenka},
   TITLE = {Verbal Valency Frame Detection and Selection in Czech and English}}
@INPROCEEDINGS{EVENTS-004,
   AUTHOR = {Ikuta, Rei and Styler, William and Hamang, Mariah and O'Gorman, Tim and Palmer, Martha},
   SORTNAME = {Ikuta, Rei and Styler, William and Hamang, Mariah and O'Gorman, Tim and Palmer, Martha},
   TITLE = {Challenges of Adding Causation to Richer Event Descriptions}}
@INPROCEEDINGS{EVENTS-005,
   AUTHOR = {Kulick, Seth and Bies, Ann and Mott, Justin},
   SORTNAME = {Kulick, Seth and Bies, Ann and Mott, Justin},
   TITLE = {Inter-annotator Agreement for ERE annotation}}
@INPROCEEDINGS{EVENTS-006,
   AUTHOR = {Rusu, Delia and Hodson, James and Kimball, Anthony},
   SORTNAME = {Rusu, Delia and Hodson, James and Kimball, Anthony},
   TITLE = {Unsupervised Techniques for Extracting and Clustering Complex Events in News}}
@INPROCEEDINGS{EVENTS-007,
   AUTHOR = {Torabi Asr, Fatemeh and Sonntag, Jonathan and Grishina, Yulia and Stede, Manfred},
   SORTNAME = {Torabi Asr, Fatemeh and Sonntag, Jonathan and Grishina, Yulia and Stede, Manfred},
   TITLE = {Conceptual and Practical Steps in Event Coreference Analysis of Large-scale Data}}
@INPROCEEDINGS{EVENTS-008,
   AUTHOR = {Aguilar, Jacqueline and Beller, Charley and McNamee, Paul and Van Durme, Benjamin and Strassel, Stephanie and Song, Zhiyi and Ellis, Joe},
   SORTNAME = {Aguilar, Jacqueline and Beller, Charley and McNamee, Paul and Van Durme, Benjamin and Strassel, Stephanie and Song, Zhiyi and Ellis, Joe},
   TITLE = {A Comparison of the Events and Relations Across ACE, ERE, TAC-KBP, and FrameNet Annotation Standards}}
@INPROCEEDINGS{EVENTS-009,
   AUTHOR = {Rudinger, Rachel and Van Durme, Benjamin},
   SORTNAME = {Rudinger, Rachel and Van Durme, Benjamin},
   TITLE = {Is the Stanford Dependency Representation Semantic?}}
