@INPROCEEDINGS{demos-068,
   AUTHOR = {Burtsev, Mikhail and Seliverstov, Alexander and Airapetyan, Rafael and Arkhipov, Mikhail and Baymurzina, Dilyara and Bushkov, Nickolay and Gureenkova, Olga and Khakhulin, Taras and Kuratov, Yuri and Kuznetsov, Denis and Litinsky, Alexey and Logacheva, Varvara and Lymar, Alexey and Malykh, Valentin and Petrov, Maxim and Polulyakh, Vadim and Pugachev, Leonid and Sorokin, Alexey and Vikhreva, Maria and Zaynutdinov, Marat},
   SORTNAME = {Burtsev, Mikhail and Seliverstov, Alexander and Airapetyan, Rafael and Arkhipov, Mikhail and Baymurzina, Dilyara and Bushkov, Nickolay and Gureenkova, Olga and Khakhulin, Taras and Kuratov, Yuri and Kuznetsov, Denis and Litinsky, Alexey and Logacheva, Varvara and Lymar, Alexey and Malykh, Valentin and Petrov, Maxim and Polulyakh, Vadim and Pugachev, Leonid and Sorokin, Alexey and Vikhreva, Maria and Zaynutdinov, Marat},
   TITLE = {DeepPavlov: Open-Source Library for Dialogue Systems}}
@INPROCEEDINGS{demos-069,
   AUTHOR = {Zeyer, Albert and Alkhouli, Tamer and Ney, Hermann},
   SORTNAME = {Zeyer, Albert and Alkhouli, Tamer and Ney, Hermann},
   TITLE = {RETURNN as a Generic Flexible Neural Toolkit with Application to Translation and Speech Recognition}}
@INPROCEEDINGS{demos-067,
   AUTHOR = {Junczys-Dowmunt, Marcin and Grundkiewicz, Roman and Dwojak, Tomasz and Hoang, Hieu and Heafield, Kenneth and Neckermann, Tom and Seide, Frank and Germann, Ulrich and Aji, Alham Fikri and Bogoychev, Nikolay and Martins, André F. T. and Birch, Alexandra},
   SORTNAME = {Junczys-Dowmunt, Marcin and Grundkiewicz, Roman and Dwojak, Tomasz and Hoang, Hieu and Heafield, Kenneth and Neckermann, Tom and Seide, Frank and Germann, Ulrich and Aji, Alham Fikri and Bogoychev, Nikolay and Martins, Andre F. T. and Birch, Alexandra},
   TITLE = {Marian: Fast Neural Machine Translation in C++}}
@INPROCEEDINGS{demos-034,
   AUTHOR = {Hartung, Matthias and ter Horst, Hendrik and Grimm, Frank and Diekmann, Tim and Klinger, Roman and Cimiano, Philipp},
   SORTNAME = {Hartung, Matthias and ter Horst, Hendrik and Grimm, Frank and Diekmann, Tim and Klinger, Roman and Cimiano, Philipp},
   TITLE = {SANTO: A Web-based Annotation Tool for Ontology-driven Slot Filling}}
@INPROCEEDINGS{demos-033,
   AUTHOR = {Liu, Jun and Shindo, Hiroyuki and Matsumoto, Yuji},
   SORTNAME = {Liu, Jun and Shindo, Hiroyuki and Matsumoto, Yuji},
   TITLE = {Sentence Suggestion of Japanese Functional Expressions for Chinese-speaking Learners}}
@INPROCEEDINGS{demos-009,
   AUTHOR = {Ravenscroft, James and Clare, Amanda and Liakata, Maria},
   SORTNAME = {Ravenscroft, James and Clare, Amanda and Liakata, Maria},
   TITLE = {HarriGT: A Tool for Linking News to Science}}
@INPROCEEDINGS{demos-007,
   AUTHOR = {Hermjakob, Ulf and May, Jonathan and Knight, Kevin},
   SORTNAME = {Hermjakob, Ulf and May, Jonathan and Knight, Kevin},
   TITLE = {Out-of-the-box Universal Romanization Tool uroman}}
@INPROCEEDINGS{demos-006,
   AUTHOR = {White, Lyndon and Togneri, Roberto and Liu, Wei and Bennamoun, Mohammed},
   SORTNAME = {White, Lyndon and Togneri, Roberto and Liu, Wei and Bennamoun, Mohammed},
   TITLE = {NovelPerspective: Identifying Point of View Characters}}
@INPROCEEDINGS{demos-019,
   AUTHOR = {Han, Jingguang and Barman, Utsab and Hayes, Jeremiah and Du, Jinhua and Burgin, Edward and Wan, Dadong},
   SORTNAME = {Han, Jingguang and Barman, Utsab and Hayes, Jeremiah and Du, Jinhua and Burgin, Edward and Wan, Dadong},
   TITLE = {NextGen AML: Distributed Deep Learning based Language Technologies to Augment Anti Money Laundering Investigation}}
@INPROCEEDINGS{demos-021,
   AUTHOR = {Hermjakob, Ulf and May, Jonathan and Pust, Michael and Knight, Kevin},
   SORTNAME = {Hermjakob, Ulf and May, Jonathan and Pust, Michael and Knight, Kevin},
   TITLE = {Translating a Language You Don't Know In the Chinese Room}}
@INPROCEEDINGS{demos-075,
   AUTHOR = {Romeo, Salvatore and Da San Martino, Giovanni and Barrón-Cedeño, Alberto and Moschitti, Alessandro},
   SORTNAME = {Romeo, Salvatore and Da San Martino, Giovanni and Barron-Cedeno, Alberto and Moschitti, Alessandro},
   TITLE = {A Flexible, Efficient and Accurate Framework for Community Question Answering Pipelines}}
@INPROCEEDINGS{demos-038,
   AUTHOR = {Yang, Jie and Zhang, Yue},
   SORTNAME = {Yang, Jie and Zhang, Yue},
   TITLE = {NCRF++: An Open-source Neural Sequence Labeling Toolkit}}
@INPROCEEDINGS{demos-065,
   AUTHOR = {Christodoulides, George},
   SORTNAME = {Christodoulides, George},
   TITLE = {Praaline: An Open-Source System for Managing, Annotating, Visualising and Analysing Speech Corpora}}
@INPROCEEDINGS{demos-062,
   AUTHOR = {Germann, Ulrich and Liepins, Renars and Barzdins, Guntis and Gosko, Didzis and Miranda, Sebastião and Nogueira, David},
   SORTNAME = {Germann, Ulrich and Liepins, Renars and Barzdins, Guntis and Gosko, Didzis and Miranda, Sebastiao and Nogueira, David},
   TITLE = {The SUMMA Platform: A Scalable Infrastructure for Multi-lingual Multi-media Monitoring}}
@INPROCEEDINGS{demos-053,
   AUTHOR = {Lukin, Stephanie M. and Gervits, Felix and Hayes, Cory and Moolchandani, Pooja and Leuski, Anton and Rogers, John and Sanchez Amaro, Carlos and Marge, Matthew and Voss, Clare and Traum, David},
   SORTNAME = {Lukin, Stephanie M. and Gervits, Felix and Hayes, Cory and Moolchandani, Pooja and Leuski, Anton and Rogers, John and Sanchez Amaro, Carlos and Marge, Matthew and Voss, Clare and Traum, David},
   TITLE = {ScoutBot: A Dialogue System for Collaborative Navigation}}
@INPROCEEDINGS{demos-039,
   AUTHOR = {Puttkammer, Martin and Eiselen, Roald and Hocking, Justin and Koen, Frederik},
   SORTNAME = {Puttkammer, Martin and Eiselen, Roald and Hocking, Justin and Koen, Frederik},
   TITLE = {NLP Web Services for Resource-Scarce Languages}}
@INPROCEEDINGS{demos-064,
   AUTHOR = {Shen, Yilin and Ray, Avik and Patel, Abhishek and Jin, Hongxia},
   SORTNAME = {Shen, Yilin and Ray, Avik and Patel, Abhishek and Jin, Hongxia},
   TITLE = {CRUISE: Cold-Start New Skill Development via Iterative Utterance Generation}}
@INPROCEEDINGS{demos-046,
   AUTHOR = {Mayhew, Stephen and Roth, Dan},
   SORTNAME = {Mayhew, Stephen and Roth, Dan},
   TITLE = {TALEN: Tool for Annotation of Low-resource ENtities}}
@INPROCEEDINGS{demos-079,
   AUTHOR = {Huang, Yafang and Li, Zuchao and Zhang, Zhuosheng and Zhao, Hai},
   SORTNAME = {Huang, Yafang and Li, Zuchao and Zhang, Zhuosheng and Zhao, Hai},
   TITLE = {Moon IME: Neural-based Chinese Pinyin Aided Input Method with Customizable Association}}
@INPROCEEDINGS{demos-023,
   AUTHOR = {Yang, Hang and Chen, Yubo and Liu, Kang and Xiao, Yang and Zhao, Jun},
   SORTNAME = {Yang, Hang and Chen, Yubo and Liu, Kang and Xiao, Yang and Zhao, Jun},
   TITLE = {DCFEE: A Document-level Chinese Financial Event Extraction System based on Automatically Labeled Training Data}}
@INPROCEEDINGS{demos-004,
   AUTHOR = {Lin, Ying and Costello, Cash and Zhang, Boliang and Lu, Di and Ji, Heng and Mayfield, James and McNamee, Paul},
   SORTNAME = {Lin, Ying and Costello, Cash and Zhang, Boliang and Lu, Di and Ji, Heng and Mayfield, James and McNamee, Paul},
   TITLE = {Platforms for Non-speakers Annotating Names in Any Language}}
@INPROCEEDINGS{demos-012,
   AUTHOR = {Weissenborn, Dirk and Minervini, Pasquale and Augenstein, Isabelle and Welbl, Johannes and Rocktäschel, Tim and Bosnjak, Matko and Mitchell, Jeff and Demeester, Thomas and Dettmers, Tim and Stenetorp, Pontus and Riedel, Sebastian},
   SORTNAME = {Weissenborn, Dirk and Minervini, Pasquale and Augenstein, Isabelle and Welbl, Johannes and Rocktaschel, Tim and Bosnjak, Matko and Mitchell, Jeff and Demeester, Thomas and Dettmers, Tim and Stenetorp, Pontus and Riedel, Sebastian},
   TITLE = {Jack the Reader -- A Machine Reading Framework}}
@INPROCEEDINGS{demos-047,
   AUTHOR = {Shen, Zhihong and Ma, Hao and Wang, Kuansan},
   SORTNAME = {Shen, Zhihong and Ma, Hao and Wang, Kuansan},
   TITLE = {A Web-scale system for scientific knowledge exploration}}
@INPROCEEDINGS{demos-014,
   AUTHOR = {Yang, Jie and Zhang, Yue and Li, Linwei and Li, Xingxuan},
   SORTNAME = {Yang, Jie and Zhang, Yue and Li, Linwei and Li, Xingxuan},
   TITLE = {YEDDA: A Lightweight Collaborative Text Span Annotation Tool}}
