@INPROCEEDINGS{papers-010,
   AUTHOR = {Devlin, Jacob and Zbib, Rabih and Huang, Zhongqiang and Lamar, Thomas and Schwartz, Richard and Makhoul, John},
   SORTNAME = {Devlin, Jacob and Zbib, Rabih and Huang, Zhongqiang and Lamar, Thomas and Schwartz, Richard and Makhoul, John},
   TITLE = {Fast and Robust Neural Network Joint Models for Statistical Machine Translation}}
@INPROCEEDINGS{papers-108,
   AUTHOR = {Johnson, Mark and Christophe, Anne and Dupoux, Emmanuel and Demuth, Katherine},
   SORTNAME = {Johnson, Mark and Christophe, Anne and Dupoux, Emmanuel and Demuth, Katherine},
   TITLE = {Modelling function words improves unsupervised word segmentation}}
@INPROCEEDINGS{papers-113,
   AUTHOR = {Tang, Duyu and Wei, Furu and Yang, Nan and Zhou, Ming and Liu, Ting and Qin, Bing},
   SORTNAME = {Tang, Duyu and Wei, Furu and Yang, Nan and Zhou, Ming and Liu, Ting and Qin, Bing},
   TITLE = {Learning Sentiment-Specific Word Embedding for Twitter Sentiment Classification}}
@INPROCEEDINGS{papers-115,
   AUTHOR = {Wang, Zhiguo and Xue, Nianwen},
   SORTNAME = {Wang, Zhiguo and Xue, Nianwen},
   TITLE = {Joint POS Tagging and Transition-based Constituent Parsing in Chinese with Non-local Features}}
@INPROCEEDINGS{papers-118,
   AUTHOR = {van Schijndel, Marten and Elsner, Micha},
   SORTNAME = {van Schijndel, Marten and Elsner, Micha},
   TITLE = {Bootstrapping into Filler-Gap: An Acquisition Story}}
@INPROCEEDINGS{papers-132,
   AUTHOR = {Rothe, Sascha and Schütze, Hinrich},
   SORTNAME = {Rothe, Sascha and Schutze, Hinrich},
   TITLE = {CoSimRank: A Flexible \& Efficient Graph-Theoretic Similarity Measure}}
@INPROCEEDINGS{papers-133,
   AUTHOR = {Bhat, Suma and Xue, Huichao and Yoon, Su-Youn},
   SORTNAME = {Bhat, Suma and Xue, Huichao and Yoon, Su-Youn},
   TITLE = {Shallow Analysis Based Assessment of Syntactic Complexity for Automated Speech Scoring}}
@INPROCEEDINGS{papers-134,
   AUTHOR = {Lau, Jey Han and Cook, Paul and McCarthy, Diana and Gella, Spandana and Baldwin, Timothy},
   SORTNAME = {Lau, Jey Han and Cook, Paul and McCarthy, Diana and Gella, Spandana and Baldwin, Timothy},
   TITLE = {Learning Word Sense Distributions, Detecting Unattested Senses and Identifying Novel Senses Using Topic Models}}
@INPROCEEDINGS{papers-135,
   AUTHOR = {Frank, Stella and Feldman, Naomi H. and Goldwater, Sharon},
   SORTNAME = {Frank, Stella and Feldman, Naomi H. and Goldwater, Sharon},
   TITLE = {Weak semantic context helps phonetic learning in a model of infant language acquisition}}
@INPROCEEDINGS{papers-136,
   AUTHOR = {Packard, Woodley and Bender, Emily M. and Read, Jonathon and Oepen, Stephan and Dridan, Rebecca},
   SORTNAME = {Packard, Woodley and Bender, Emily M. and Read, Jonathon and Oepen, Stephan and Dridan, Rebecca},
   TITLE = {Simple Negation Scope Resolution through Deep Parsing: A Semantic Solution to a Semantic Problem}}
@INPROCEEDINGS{papers-014,
   AUTHOR = {Chen, Yanping and Zheng, Qinghua and Zhang, Wei},
   SORTNAME = {Chen, Yanping and Zheng, Qinghua and Zhang, Wei},
   TITLE = {Omni-word Feature and Soft Constraint for Chinese Relation Extraction}}
@INPROCEEDINGS{papers-140,
   AUTHOR = {Narayan, Shashi and Gardent, Claire},
   SORTNAME = {Narayan, Shashi and Gardent, Claire},
   TITLE = {Hybrid Simplification using Deep Semantics and Machine Translation}}
@INPROCEEDINGS{papers-149,
   AUTHOR = {Bollegala, Danushka and Weir, David and Carroll, John},
   SORTNAME = {Bollegala, Danushka and Weir, David and Carroll, John},
   TITLE = {Learning to Predict Distributions of Words Across Domains}}
@INPROCEEDINGS{papers-153,
   AUTHOR = {Wang, Yue and Liu, Xitong and Fang, Hui},
   SORTNAME = {Wang, Yue and Liu, Xitong and Fang, Hui},
   TITLE = {A Study of Concept-based Weighting Regularization for Medical Records Search}}
@INPROCEEDINGS{papers-157,
   AUTHOR = {Jansen, Peter and Surdeanu, Mihai and Clark, Peter},
   SORTNAME = {Jansen, Peter and Surdeanu, Mihai and Clark, Peter},
   TITLE = {Discourse Complements Lexical Semantics for Non-factoid Answer Reranking}}
@INPROCEEDINGS{papers-159,
   AUTHOR = {Li, Jiwei and Ott, Myle and Cardie, Claire and Hovy, Eduard},
   SORTNAME = {Li, Jiwei and Ott, Myle and Cardie, Claire and Hovy, Eduard},
   TITLE = {Towards a General Rule for Identifying Deceptive Opinion Spam}}
@INPROCEEDINGS{papers-160,
   AUTHOR = {Morin, Emmanuel and Hazem, Amir},
   SORTNAME = {Morin, Emmanuel and Hazem, Amir},
   TITLE = {Looking at Unbalanced Specialized Comparable Corpora for Bilingual Lexicon Extraction}}
@INPROCEEDINGS{papers-161,
   AUTHOR = {Feng, Vanessa Wei and Hirst, Graeme},
   SORTNAME = {Feng, Vanessa Wei and Hirst, Graeme},
   TITLE = {A Linear-Time Bottom-Up Discourse Parser with Constraints and Post-Editing}}
@INPROCEEDINGS{papers-177,
   AUTHOR = {P, Deepak and Visweswariah, Karthik},
   SORTNAME = {P, Deepak and Visweswariah, Karthik},
   TITLE = {Unsupervised Solution Post Identification from Discussion Forums}}
@INPROCEEDINGS{papers-178,
   AUTHOR = {Zou, Bowei and Zhou, Guodong and Zhu, Qiaoming},
   SORTNAME = {Zou, Bowei and Zhou, Guodong and Zhu, Qiaoming},
   TITLE = {Negation Focus Identification with Contextual Discourse Information}}
@INPROCEEDINGS{papers-179,
   AUTHOR = {Bansal, Mohit and Burkett, David and de Melo, Gerard and Klein, Dan},
   SORTNAME = {Bansal, Mohit and Burkett, David and de Melo, Gerard and Klein, Dan},
   TITLE = {Structured Learning for Taxonomy Induction with Belief Propagation}}
@INPROCEEDINGS{papers-184,
   AUTHOR = {Lu, Shixiang and Chen, Zhenbiao and Xu, Bo},
   SORTNAME = {Lu, Shixiang and Chen, Zhenbiao and Xu, Bo},
   TITLE = {Learning New Semi-Supervised Deep Auto-encoder Features for Statistical Machine Translation}}
@INPROCEEDINGS{papers-020,
   AUTHOR = {Wang, Chang and Fan, James},
   SORTNAME = {Wang, Chang and Fan, James},
   TITLE = {Medical Relation Extraction with Manifold Models}}
@INPROCEEDINGS{papers-203,
   AUTHOR = {Xiong, Deyi and Zhang, Min},
   SORTNAME = {Xiong, Deyi and Zhang, Min},
   TITLE = {A Sense-Based Translation Model for Statistical Machine Translation}}
@INPROCEEDINGS{papers-204,
   AUTHOR = {Wang, William Yang and Hua, Zhenhao},
   SORTNAME = {Wang, William Yang and Hua, Zhenhao},
   TITLE = {A Semiparametric Gaussian Copula Regression Model for Predicting Financial Risks from Earnings Calls}}
@INPROCEEDINGS{papers-206,
   AUTHOR = {Silberer, Carina and Lapata, Mirella},
   SORTNAME = {Silberer, Carina and Lapata, Mirella},
   TITLE = {Learning Grounded Meaning Representations with Autoencoders}}
@INPROCEEDINGS{papers-209,
   AUTHOR = {Mitra, Sunny and Mitra, Ritwik and Riedl, Martin and Biemann, Chris and Mukherjee, Animesh and Goyal, Pawan},
   SORTNAME = {Mitra, Sunny and Mitra, Ritwik and Riedl, Martin and Biemann, Chris and Mukherjee, Animesh and Goyal, Pawan},
   TITLE = {That's sick dude!: Automatic identification of word sense change across different timescales}}
@INPROCEEDINGS{papers-212,
   AUTHOR = {van Gompel, Maarten and van den Bosch, Antal},
   SORTNAME = {van Gompel, Maarten and van den Bosch, Antal},
   TITLE = {Translation Assistance by Translation of L1 Fragments in an L2 Context}}
@INPROCEEDINGS{papers-219,
   AUTHOR = {Qian, Longhua and Hui, Haotian and Hu, Ya'nan and Zhou, Guodong and Zhu, Qiaoming},
   SORTNAME = {Qian, Longhua and Hui, Haotian and Hu, Ya'nan and Zhou, Guodong and Zhu, Qiaoming},
   TITLE = {Bilingual Active Learning for Relation Classification via Pseudo Parallel Corpora}}
@INPROCEEDINGS{papers-225,
   AUTHOR = {Tamura, Akihiro and Watanabe, Taro and Sumita, Eiichiro},
   SORTNAME = {Tamura, Akihiro and Watanabe, Taro and Sumita, Eiichiro},
   TITLE = {Recurrent Neural Networks for Word Alignment Model}}
@INPROCEEDINGS{papers-228,
   AUTHOR = {Bao, Junwei and Duan, Nan and Zhou, Ming and Zhao, Tiejun},
   SORTNAME = {Bao, Junwei and Duan, Nan and Zhou, Ming and Zhao, Tiejun},
   TITLE = {Knowledge-Based Question Answering as Machine Translation}}
@INPROCEEDINGS{papers-229,
   AUTHOR = {Cui, Lei and Zhang, Dongdong and Liu, Shujie and Chen, Qiming and Li, Mu and Zhou, Ming and Yang, Muyun},
   SORTNAME = {Cui, Lei and Zhang, Dongdong and Liu, Shujie and Chen, Qiming and Li, Mu and Zhou, Ming and Yang, Muyun},
   TITLE = {Learning Topic Representation for SMT with Neural Networks}}
@INPROCEEDINGS{papers-238,
   AUTHOR = {Liu, Kang and Xu, Liheng and Zhao, Jun},
   SORTNAME = {Liu, Kang and Xu, Liheng and Zhao, Jun},
   TITLE = {Extracting Opinion Targets and Opinion Words from Online Reviews with Graph Co-ranking}}
@INPROCEEDINGS{papers-239,
   AUTHOR = {Gyawali, Bikash and Gardent, Claire},
   SORTNAME = {Gyawali, Bikash and Gardent, Claire},
   TITLE = {Surface Realisation from Knowledge-Bases}}
@INPROCEEDINGS{papers-246,
   AUTHOR = {Tu, Mei and Zhou, Yu and Zong, Chengqing},
   SORTNAME = {Tu, Mei and Zhou, Yu and Zong, Chengqing},
   TITLE = {Enhancing Grammatical Cohesion: Generating Transitional Expressions for SMT}}
@INPROCEEDINGS{papers-247,
   AUTHOR = {Ma, Ji and Zhang, Yue and Zhu, Jingbo},
   SORTNAME = {Ma, Ji and Zhang, Yue and Zhu, Jingbo},
   TITLE = {Tagging The Web: Building A Robust Web Tagger with Neural Network}}
@INPROCEEDINGS{papers-249,
   AUTHOR = {Fyshe, Alona and Talukdar, Partha P. and Murphy, Brian and Mitchell, Tom M.},
   SORTNAME = {Fyshe, Alona and Talukdar, Partha P. and Murphy, Brian and Mitchell, Tom M.},
   TITLE = {Interpretable Semantic Vectors from a Joint Model of Brain- and Text- Based Meaning}}
@INPROCEEDINGS{papers-255,
   AUTHOR = {Muller, Philippe and Fabre, Cécile and Adam, Clémentine},
   SORTNAME = {Muller, Philippe and Fabre, Cecile and Adam, Clementine},
   TITLE = {Predicting the relevance of distributional semantic similarity with contextual information}}
@INPROCEEDINGS{papers-259,
   AUTHOR = {Sun, Weiwei and Du, Yantao and Kou, Xin and Ding, Shuoyang and Wan, Xiaojun},
   SORTNAME = {Sun, Weiwei and Du, Yantao and Kou, Xin and Ding, Shuoyang and Wan, Xiaojun},
   TITLE = {Grammatical Relations in Chinese: GB-Ground Extraction and Data-Driven Parsing}}
@INPROCEEDINGS{papers-265,
   AUTHOR = {Li, Jiwei and Ritter, Alan and Hovy, Eduard},
   SORTNAME = {Li, Jiwei and Ritter, Alan and Hovy, Eduard},
   TITLE = {Weakly Supervised User Profile Extraction from Twitter}}
@INPROCEEDINGS{papers-266,
   AUTHOR = {Baumel, Tal and Cohen, Raphael and Elhadad, Michael},
   SORTNAME = {Baumel, Tal and Cohen, Raphael and Elhadad, Michael},
   TITLE = {Query-Chain Focused Summarization}}
@INPROCEEDINGS{papers-268,
   AUTHOR = {Pighin, Daniele and Cornolti, Marco and Alfonseca, Enrique and Filippova, Katja},
   SORTNAME = {Pighin, Daniele and Cornolti, Marco and Alfonseca, Enrique and Filippova, Katja},
   TITLE = {Modelling Events through Memory-based, Open-IE Patterns for Abstractive Summarization}}
@INPROCEEDINGS{papers-273,
   AUTHOR = {Severyn, Aliaksei and Moschitti, Alessandro and Uryupina, Olga and Plank, Barbara and Filippova, Katja},
   SORTNAME = {Severyn, Aliaksei and Moschitti, Alessandro and Uryupina, Olga and Plank, Barbara and Filippova, Katja},
   TITLE = {Opinion Mining on YouTube}}
@INPROCEEDINGS{papers-274,
   AUTHOR = {Nakashole, Ndapandula and Mitchell, Tom M.},
   SORTNAME = {Nakashole, Ndapandula and Mitchell, Tom M.},
   TITLE = {Language-Aware Truth Assessment of Fact Candidates}}
@INPROCEEDINGS{papers-278,
   AUTHOR = {Gkatzia, Dimitra and Hastie, Helen and Lemon, Oliver},
   SORTNAME = {Gkatzia, Dimitra and Hastie, Helen and Lemon, Oliver},
   TITLE = {Comparing Multi-label Classification with Reinforcement Learning for Summarisation of Time-series Data}}
@INPROCEEDINGS{papers-287,
   AUTHOR = {Pantel, Patrick and Gamon, Michael and Fuxman, Ariel},
   SORTNAME = {Pantel, Patrick and Gamon, Michael and Fuxman, Ariel},
   TITLE = {Smart Selection}}
@INPROCEEDINGS{papers-288,
   AUTHOR = {Dinu, Georgiana and Baroni, Marco},
   SORTNAME = {Dinu, Georgiana and Baroni, Marco},
   TITLE = {How to make words with vectors: Phrase generation in distributional semantics}}
@INPROCEEDINGS{papers-298,
   AUTHOR = {Pilehvar, Mohammad Taher and Navigli, Roberto},
   SORTNAME = {Pilehvar, Mohammad Taher and Navigli, Roberto},
   TITLE = {A Robust Approach to Aligning Heterogeneous Lexical Resources}}
@INPROCEEDINGS{papers-306,
   AUTHOR = {Riezler, Stefan and Simianer, Patrick and Haas, Carolin},
   SORTNAME = {Riezler, Stefan and Simianer, Patrick and Haas, Carolin},
   TITLE = {Response-based Learning for Grounded Machine Translation}}
@INPROCEEDINGS{papers-307,
   AUTHOR = {Lei, Tao and Xin, Yu and Zhang, Yuan and Barzilay, Regina and Jaakkola, Tommi},
   SORTNAME = {Lei, Tao and Xin, Yu and Zhang, Yuan and Barzilay, Regina and Jaakkola, Tommi},
   TITLE = {Low-Rank Tensors for Scoring Dependency Structures}}
@INPROCEEDINGS{papers-031,
   AUTHOR = {Nguyen, Minh Luan and Tsang, Ivor W. and Chai, Kian Ming A. and Chieu, Hai Leong},
   SORTNAME = {Nguyen, Minh Luan and Tsang, Ivor W. and Chai, Kian Ming A. and Chieu, Hai Leong},
   TITLE = {Robust Domain Adaptation for Relation Extraction via Clustering Consistency}}
@INPROCEEDINGS{papers-321,
   AUTHOR = {Zhang, Hui and Chiang, David},
   SORTNAME = {Zhang, Hui and Chiang, David},
   TITLE = {Kneser-Ney Smoothing on Expected Counts}}
@INPROCEEDINGS{papers-326,
   AUTHOR = {Salameh, Mohammad and Cherry, Colin and Kondrak, Grzegorz},
   SORTNAME = {Salameh, Mohammad and Cherry, Colin and Kondrak, Grzegorz},
   TITLE = {Lattice Desegmentation for Statistical Machine Translation}}
@INPROCEEDINGS{papers-327,
   AUTHOR = {Zhai, Ke and Williams, Jason D},
   SORTNAME = {Zhai, Ke and Williams, Jason D},
   TITLE = {Discovering Latent Structure in Task-Oriented Dialogues}}
@INPROCEEDINGS{papers-331,
   AUTHOR = {Bamman, David and Underwood, Ted and Smith, Noah A.},
   SORTNAME = {Bamman, David and Underwood, Ted and Smith, Noah A.},
   TITLE = {A Bayesian Mixed Effects Model of Literary Character}}
@INPROCEEDINGS{papers-334,
   AUTHOR = {Wintrode, Jonathan and Khudanpur, Sanjeev},
   SORTNAME = {Wintrode, Jonathan and Khudanpur, Sanjeev},
   TITLE = {Can You Repeat That? Using Word Repetition to Improve Spoken Term Detection}}
@INPROCEEDINGS{papers-335,
   AUTHOR = {Guzmán, Francisco and Joty, Shafiq and Màrquez, Lluís and Nakov, Preslav},
   SORTNAME = {Guzman, Francisco and Joty, Shafiq and Marquez, Lluis and Nakov, Preslav},
   TITLE = {Using Discourse Structure Improves Machine Translation Evaluation}}
@INPROCEEDINGS{papers-337,
   AUTHOR = {Vannella, Daniele and Jurgens, David and Scarfini, Daniele and Toscani, Domenico and Navigli, Roberto},
   SORTNAME = {Vannella, Daniele and Jurgens, David and Scarfini, Daniele and Toscani, Domenico and Navigli, Roberto},
   TITLE = {Validating and Extending Semantic Knowledge Bases using Video Games with a Purpose}}
@INPROCEEDINGS{papers-349,
   AUTHOR = {Tsvetkov, Yulia and Boytsov, Leonid and Gershman, Anatole and Nyberg, Eric and Dyer, Chris},
   SORTNAME = {Tsvetkov, Yulia and Boytsov, Leonid and Gershman, Anatole and Nyberg, Eric and Dyer, Chris},
   TITLE = {Metaphor Detection with Cross-Lingual Model Transfer}}
@INPROCEEDINGS{papers-352,
   AUTHOR = {Pasupat, Panupong and Liang, Percy},
   SORTNAME = {Pasupat, Panupong and Liang, Percy},
   TITLE = {Zero-shot Entity Extraction from Web Pages}}
@INPROCEEDINGS{papers-356,
   AUTHOR = {Tan, Chenhao and Lee, Lillian and Pang, Bo},
   SORTNAME = {Tan, Chenhao and Lee, Lillian and Pang, Bo},
   TITLE = {The effect of wording on message propagation: Topic- and author-controlled natural experiments on Twitter}}
@INPROCEEDINGS{papers-357,
   AUTHOR = {Zhu, Xiaodan and Guo, Hongyu and Mohammad, Saif and Kiritchenko, Svetlana},
   SORTNAME = {Zhu, Xiaodan and Guo, Hongyu and Mohammad, Saif and Kiritchenko, Svetlana},
   TITLE = {An Empirical Study on the Effect of Negation Words on Sentiment}}
@INPROCEEDINGS{papers-359,
   AUTHOR = {Candito, Marie and Constant, Matthieu},
   SORTNAME = {Candito, Marie and Constant, Matthieu},
   TITLE = {Strategies for Contiguous Multiword Expression Analysis and Dependency Parsing}}
@INPROCEEDINGS{papers-362,
   AUTHOR = {Krishnamurthy, Jayant and Mitchell, Tom M.},
   SORTNAME = {Krishnamurthy, Jayant and Mitchell, Tom M.},
   TITLE = {Joint Syntactic and Semantic Parsing with Combinatory Categorial Grammar}}
@INPROCEEDINGS{papers-363,
   AUTHOR = {Lazaridou, Angeliki and Bruni, Elia and Baroni, Marco},
   SORTNAME = {Lazaridou, Angeliki and Bruni, Elia and Baroni, Marco},
   TITLE = {Is this a wampimuk? Cross-modal mapping between distributional semantics and the visual world}}
@INPROCEEDINGS{papers-365,
   AUTHOR = {Turchi, Marco and Anastasopoulos, Antonios and C. de Souza, José G. and Negri, Matteo},
   SORTNAME = {Turchi, Marco and Anastasopoulos, Antonios and C. de Souza, Jose G. and Negri, Matteo},
   TITLE = {Adaptive Quality Estimation for Machine Translation}}
@INPROCEEDINGS{papers-366,
   AUTHOR = {Anzaroot, Sam and Passos, Alexandre and Belanger, David and McCallum, Andrew},
   SORTNAME = {Anzaroot, Sam and Passos, Alexandre and Belanger, David and McCallum, Andrew},
   TITLE = {Learning Soft Linear Constraints with Application to Citation Field Extraction}}
@INPROCEEDINGS{papers-037,
   AUTHOR = {Pei, Wenzhe and Ge, Tao and Chang, Baobao},
   SORTNAME = {Pei, Wenzhe and Ge, Tao and Chang, Baobao},
   TITLE = {Max-Margin Tensor Neural Network for Chinese Word Segmentation}}
@INPROCEEDINGS{papers-372,
   AUTHOR = {Christensen, Janara and Soderland, Stephen and Bansal, Gagan and Mausam},
   SORTNAME = {Christensen, Janara and Soderland, Stephen and Bansal, Gagan and Mausam},
   TITLE = {Hierarchical Summarization: Scaling Up Multi-Document Summarization}}
@INPROCEEDINGS{papers-374,
   AUTHOR = {Skjærholt, Arne},
   SORTNAME = {Skjærholt, Arne},
   TITLE = {A chance-corrected measure of inter-annotator agreement for syntax}}
@INPROCEEDINGS{papers-376,
   AUTHOR = {Zhang, Meishan and Zhang, Yue and Che, Wanxiang and Liu, Ting},
   SORTNAME = {Zhang, Meishan and Zhang, Yue and Che, Wanxiang and Liu, Ting},
   TITLE = {Character-Level Chinese Dependency Parsing}}
@INPROCEEDINGS{papers-377,
   AUTHOR = {Yogatama, Dani and Smith, Noah A.},
   SORTNAME = {Yogatama, Dani and Smith, Noah A.},
   TITLE = {Linguistic Structured Sparsity in Text Categorization}}
@INPROCEEDINGS{papers-378,
   AUTHOR = {Beltagy, Islam and Erk, Katrin and Mooney, Raymond},
   SORTNAME = {Beltagy, Islam and Erk, Katrin and Mooney, Raymond},
   TITLE = {Probabilistic Soft Logic for Semantic Textual Similarity}}
@INPROCEEDINGS{papers-038,
   AUTHOR = {Paperno, Denis and Pham, Nghia The and Baroni, Marco},
   SORTNAME = {Paperno, Denis and Pham, Nghia The and Baroni, Marco},
   TITLE = {A practical and linguistically-motivated approach to compositional distributional semantics}}
@INPROCEEDINGS{papers-380,
   AUTHOR = {Flati, Tiziano and Vannella, Daniele and Pasini, Tommaso and Navigli, Roberto},
   SORTNAME = {Flati, Tiziano and Vannella, Daniele and Pasini, Tommaso and Navigli, Roberto},
   TITLE = {Two Is Bigger (and Better) Than One: the Wikipedia Bitaxonomy Project}}
@INPROCEEDINGS{papers-383,
   AUTHOR = {Mehdad, Yashar and Carenini, Giuseppe and Ng, Raymond T.},
   SORTNAME = {Mehdad, Yashar and Carenini, Giuseppe and Ng, Raymond T.},
   TITLE = {Abstractive Summarization of Spoken and Written Conversations Based on Phrasal Queries}}
@INPROCEEDINGS{papers-384,
   AUTHOR = {Volkova, Svitlana and Coppersmith, Glen and Van Durme, Benjamin},
   SORTNAME = {Volkova, Svitlana and Coppersmith, Glen and Van Durme, Benjamin},
   TITLE = {Inferring User Political Preferences from Streaming Communications}}
@INPROCEEDINGS{papers-387,
   AUTHOR = {Björkelund, Anders and Kuhn, Jonas},
   SORTNAME = {Bjorkelund, Anders and Kuhn, Jonas},
   TITLE = {Learning Structured Perceptrons for Coreference Resolution with Latent Antecedents and Non-local Features}}
@INPROCEEDINGS{papers-004,
   AUTHOR = {Fan, Miao and Zhao, Deli and Zhou, Qiang and Liu, Zhiyuan and Zheng, Thomas Fang and Chang, Edward Y.},
   SORTNAME = {Fan, Miao and Zhao, Deli and Zhou, Qiang and Liu, Zhiyuan and Zheng, Thomas Fang and Chang, Edward Y.},
   TITLE = {Distant Supervision for Relation Extraction with Matrix Completion}}
@INPROCEEDINGS{papers-400,
   AUTHOR = {McKinley, Nathan and Ray, Soumya},
   SORTNAME = {McKinley, Nathan and Ray, Soumya},
   TITLE = {A Decision-Theoretic Approach to Natural Language Generation}}
@INPROCEEDINGS{papers-402,
   AUTHOR = {Gao, Jianfeng and He, Xiaodong and Yih, Wen-tau and Deng, Li},
   SORTNAME = {Gao, Jianfeng and He, Xiaodong and Yih, Wen-tau and Deng, Li},
   TITLE = {Learning Continuous Phrase Representations for Translation Modeling}}
@INPROCEEDINGS{papers-408,
   AUTHOR = {Flanigan, Jeffrey and Thomson, Sam and Carbonell, Jaime and Dyer, Chris and Smith, Noah A.},
   SORTNAME = {Flanigan, Jeffrey and Thomson, Sam and Carbonell, Jaime and Dyer, Chris and Smith, Noah A.},
   TITLE = {A Discriminative Graph-Based Parser for the Abstract Meaning Representation}}
@INPROCEEDINGS{papers-413,
   AUTHOR = {Hermann, Karl Moritz and Das, Dipanjan and Weston, Jason and Ganchev, Kuzman},
   SORTNAME = {Hermann, Karl Moritz and Das, Dipanjan and Weston, Jason and Ganchev, Kuzman},
   TITLE = {Semantic Frame Identification with Distributed Word Representations}}
@INPROCEEDINGS{papers-416,
   AUTHOR = {Georgila, Kallirroi and Nelson, Claire and Traum, David},
   SORTNAME = {Georgila, Kallirroi and Nelson, Claire and Traum, David},
   TITLE = {Single-Agent vs. Multi-Agent Techniques for Concurrent Reinforcement Learning of Negotiation Dialogue Policies}}
@INPROCEEDINGS{papers-423,
   AUTHOR = {Chaturvedi, Snigdha and Goldwasser, Dan and Daumé III, Hal},
   SORTNAME = {Chaturvedi, Snigdha and Goldwasser, Dan and Daume III, Hal},
   TITLE = {Predicting Instructor's Intervention in MOOC forums}}
@INPROCEEDINGS{papers-424,
   AUTHOR = {Li, Junhui and Marton, Yuval and Resnik, Philip and Daumé III, Hal},
   SORTNAME = {Li, Junhui and Marton, Yuval and Resnik, Philip and Daume III, Hal},
   TITLE = {A Unified Model for Soft Linguistic Reordering Constraints in Statistical Machine Translation}}
@INPROCEEDINGS{papers-428,
   AUTHOR = {Cohen, Shay B. and Collins, Michael},
   SORTNAME = {Cohen, Shay B. and Collins, Michael},
   TITLE = {A Provably Correct Learning Algorithm for Latent-Variable PCFGs}}
@INPROCEEDINGS{papers-432,
   AUTHOR = {Yao, Xuchen and Van Durme, Benjamin},
   SORTNAME = {Yao, Xuchen and Van Durme, Benjamin},
   TITLE = {Information Extraction over Structured Data: Question Answering with Freebase}}
@INPROCEEDINGS{papers-439,
   AUTHOR = {Fu, Ruiji and Guo, Jiang and Qin, Bing and Che, Wanxiang and Wang, Haifeng and Liu, Ting},
   SORTNAME = {Fu, Ruiji and Guo, Jiang and Qin, Bing and Che, Wanxiang and Wang, Haifeng and Liu, Ting},
   TITLE = {Learning Semantic Hierarchies via Word Embeddings}}
@INPROCEEDINGS{papers-440,
   AUTHOR = {Pickhardt, Rene and Gottron, Thomas and Körner, Martin and Wagner, Paul Georg and Speicher, Till and Staab, Steffen},
   SORTNAME = {Pickhardt, Rene and Gottron, Thomas and Korner, Martin and Wagner, Paul Georg and Speicher, Till and Staab, Steffen},
   TITLE = {A Generalized Language Model as the Combination of Skipped n-grams and Modified Kneser Ney Smoothing}}
@INPROCEEDINGS{papers-441,
   AUTHOR = {Kalchbrenner, Nal and Grefenstette, Edward and Blunsom, Phil},
   SORTNAME = {Kalchbrenner, Nal and Grefenstette, Edward and Blunsom, Phil},
   TITLE = {A Convolutional Neural Network for Modelling Sentences}}
@INPROCEEDINGS{papers-448,
   AUTHOR = {Berant, Jonathan and Liang, Percy},
   SORTNAME = {Berant, Jonathan and Liang, Percy},
   TITLE = {Semantic Parsing via Paraphrasing}}
@INPROCEEDINGS{papers-449,
   AUTHOR = {Ji, Yangfeng and Eisenstein, Jacob},
   SORTNAME = {Ji, Yangfeng and Eisenstein, Jacob},
   TITLE = {Representation Learning for Text-level Discourse Parsing}}
@INPROCEEDINGS{papers-045,
   AUTHOR = {Huang, Hongzhao and Cao, Yunbo and Huang, Xiaojiang and Ji, Heng and Lin, Chin-Yew},
   SORTNAME = {Huang, Hongzhao and Cao, Yunbo and Huang, Xiaojiang and Ji, Heng and Lin, Chin-Yew},
   TITLE = {Collective Tweet Wikification based on Semi-supervised Graph Regularization}}
@INPROCEEDINGS{papers-452,
   AUTHOR = {Parikh, Ankur P. and Cohen, Shay B. and Xing, Eric P.},
   SORTNAME = {Parikh, Ankur P. and Cohen, Shay B. and Xing, Eric P.},
   TITLE = {Spectral Unsupervised Parsing with Additive Tree Metrics}}
@INPROCEEDINGS{papers-458,
   AUTHOR = {Doyle, Gabriel and Bicknell, Klinton and Levy, Roger},
   SORTNAME = {Doyle, Gabriel and Bicknell, Klinton and Levy, Roger},
   TITLE = {Nonparametric Learning of Phonological Constraints in Optimality Theory}}
@INPROCEEDINGS{papers-046,
   AUTHOR = {Li, Qi and Ji, Heng},
   SORTNAME = {Li, Qi and Ji, Heng},
   TITLE = {Incremental Joint Extraction of Entity Mentions and Relations}}
@INPROCEEDINGS{papers-465,
   AUTHOR = {Srivastava, Shashank and Hovy, Eduard},
   SORTNAME = {Srivastava, Shashank and Hovy, Eduard},
   TITLE = {Vector space semantics with frequency-driven motifs}}
@INPROCEEDINGS{papers-466,
   AUTHOR = {Zhang, Yuan and Lei, Tao and Barzilay, Regina and Jaakkola, Tommi and Globerson, Amir},
   SORTNAME = {Zhang, Yuan and Lei, Tao and Barzilay, Regina and Jaakkola, Tommi and Globerson, Amir},
   TITLE = {Steps to Excellence: Simple Inference with Refined Scoring of Dependency Trees}}
@INPROCEEDINGS{papers-469,
   AUTHOR = {Nguyen, Thang and Hu, Yuening and Boyd-Graber, Jordan},
   SORTNAME = {Nguyen, Thang and Hu, Yuening and Boyd-Graber, Jordan},
   TITLE = {Anchors Regularized: Adding Robustness and Extensibility to Scalable Topic-Modeling Algorithms}}
@INPROCEEDINGS{papers-475,
   AUTHOR = {Zhang, Zhe and Singh, Munindar P.},
   SORTNAME = {Zhang, Zhe and Singh, Munindar P.},
   TITLE = {ReNew: A Semi-Supervised Framework for Generating Domain-Specific Lexicons and Sentiment Analysis}}
@INPROCEEDINGS{papers-482,
   AUTHOR = {Ma, Xuezhe and Xia, Fei},
   SORTNAME = {Ma, Xuezhe and Xia, Fei},
   TITLE = {Unsupervised Dependency Parsing with Transferring Distribution via Parallel Guidance and Entropy Regularization}}
@INPROCEEDINGS{papers-485,
   AUTHOR = {Cao, Yuan and Khudanpur, Sanjeev},
   SORTNAME = {Cao, Yuan and Khudanpur, Sanjeev},
   TITLE = {Online Learning in Tensor Space}}
@INPROCEEDINGS{papers-487,
   AUTHOR = {Yan, Rui and Gao, Mingkun and Pavlick, Ellie and Callison-Burch, Chris},
   SORTNAME = {Yan, Rui and Gao, Mingkun and Pavlick, Ellie and Callison-Burch, Chris},
   TITLE = {Are Two Heads Better than One? Crowdsourced Translation via a Two-Step Collaboration of Non-Professional Translators and Editors}}
@INPROCEEDINGS{papers-489,
   AUTHOR = {Kang, Jun Seok and Feng, Song and Akoglu, Leman and Choi, Yejin},
   SORTNAME = {Kang, Jun Seok and Feng, Song and Akoglu, Leman and Choi, Yejin},
   TITLE = {ConnotationWordNet: Learning Connotation over the Word+Sense Network}}
@INPROCEEDINGS{papers-491,
   AUTHOR = {Liu, Shujie and Yang, Nan and Li, Mu and Zhou, Ming},
   SORTNAME = {Liu, Shujie and Yang, Nan and Li, Mu and Zhou, Ming},
   TITLE = {A Recursive Recurrent Neural Network for Statistical Machine Translation}}
@INPROCEEDINGS{papers-495,
   AUTHOR = {Abend, Omri and Cohen, Shay B. and Steedman, Mark},
   SORTNAME = {Abend, Omri and Cohen, Shay B. and Steedman, Mark},
   TITLE = {Lexical Inference over Multi-Word Predicates: A Distributional Approach}}
@INPROCEEDINGS{papers-051,
   AUTHOR = {Litkowski, Ken},
   SORTNAME = {Litkowski, Ken},
   TITLE = {Pattern Dictionary of English Prepositions}}
@INPROCEEDINGS{papers-510,
   AUTHOR = {Kobayashi, Hayato},
   SORTNAME = {Kobayashi, Hayato},
   TITLE = {Perplexity on Reduced Corpora}}
@INPROCEEDINGS{papers-512,
   AUTHOR = {Chen, Zhiyuan and Mukherjee, Arjun and Liu, Bing},
   SORTNAME = {Chen, Zhiyuan and Mukherjee, Arjun and Liu, Bing},
   TITLE = {Aspect Extraction with Automated Prior Knowledge Learning}}
@INPROCEEDINGS{papers-515,
   AUTHOR = {Martineau, Justin and Chen, Lu and Cheng, Doreen and Sheth, Amit},
   SORTNAME = {Martineau, Justin and Chen, Lu and Cheng, Doreen and Sheth, Amit},
   TITLE = {Active Learning with Efficient Feature Weighting Methods for Improving Data Quality and Classification Accuracy}}
@INPROCEEDINGS{papers-518,
   AUTHOR = {Raghavan, Preethi and Fosler-Lussier, Eric and Elhadad, Noémie and Lai, Albert M.},
   SORTNAME = {Raghavan, Preethi and Fosler-Lussier, Eric and Elhadad, Noemie and Lai, Albert M.},
   TITLE = {Cross-narrative Temporal Ordering of Medical Events}}
@INPROCEEDINGS{papers-520,
   AUTHOR = {Gormley, Matthew R. and Mitchell, Margaret and Van Durme, Benjamin and Dredze, Mark},
   SORTNAME = {Gormley, Matthew R. and Mitchell, Margaret and Van Durme, Benjamin and Dredze, Mark},
   TITLE = {Low-Resource Semantic Role Labeling}}
@INPROCEEDINGS{papers-522,
   AUTHOR = {Zhang, Jiajun and Liu, Shujie and Li, Mu and Zhou, Ming and Zong, Chengqing},
   SORTNAME = {Zhang, Jiajun and Liu, Shujie and Li, Mu and Zhou, Ming and Zong, Chengqing},
   TITLE = {Bilingually-constrained Phrase Embeddings for Machine Translation}}
@INPROCEEDINGS{papers-523,
   AUTHOR = {Hu, Yuening and Zhai, Ke and Eidelman, Vladimir and Boyd-Graber, Jordan},
   SORTNAME = {Hu, Yuening and Zhai, Ke and Eidelman, Vladimir and Boyd-Graber, Jordan},
   TITLE = {Polylingual Tree-Based Topic Models for Translation Domain Adaptation}}
@INPROCEEDINGS{papers-540,
   AUTHOR = {Lee, Kenton and Artzi, Yoav and Dodge, Jesse and Zettlemoyer, Luke},
   SORTNAME = {Lee, Kenton and Artzi, Yoav and Dodge, Jesse and Zettlemoyer, Luke},
   TITLE = {Context-dependent Semantic Parsing for Time Expressions}}
@INPROCEEDINGS{papers-545,
   AUTHOR = {Hall, David and Durrett, Greg and Klein, Dan},
   SORTNAME = {Hall, David and Durrett, Greg and Klein, Dan},
   TITLE = {Less Grammar, More Features}}
@INPROCEEDINGS{papers-548,
   AUTHOR = {Hall, David and Berg-Kirkpatrick, Taylor and Klein, Dan},
   SORTNAME = {Hall, David and Berg-Kirkpatrick, Taylor and Klein, Dan},
   TITLE = {Sparser, Better, Faster GPU Parsing}}
@INPROCEEDINGS{papers-055,
   AUTHOR = {Kawahara, Daisuke and Peterson, Daniel W. and Palmer, Martha},
   SORTNAME = {Kawahara, Daisuke and Peterson, Daniel W. and Palmer, Martha},
   TITLE = {A Step-wise Usage-based Method for Inducing Polysemy-aware Verb Classes}}
@INPROCEEDINGS{papers-550,
   AUTHOR = {Chen, Liwei and Feng, Yansong and Huang, Songfang and Qin, Yong and Zhao, Dongyan},
   SORTNAME = {Chen, Liwei and Feng, Yansong and Huang, Songfang and Qin, Yong and Zhao, Dongyan},
   TITLE = {Encoding Relation Requirements for Relation Extraction via Joint Inference}}
@INPROCEEDINGS{papers-552,
   AUTHOR = {Iyyer, Mohit and Enns, Peter and Boyd-Graber, Jordan and Resnik, Philip},
   SORTNAME = {Iyyer, Mohit and Enns, Peter and Boyd-Graber, Jordan and Resnik, Philip},
   TITLE = {Political Ideology Detection Using Recursive Neural Networks}}
@INPROCEEDINGS{papers-557,
   AUTHOR = {Kushman, Nate and Zettlemoyer, Luke and Barzilay, Regina and Artzi, Yoav},
   SORTNAME = {Kushman, Nate and Zettlemoyer, Luke and Barzilay, Regina and Artzi, Yoav},
   TITLE = {Learning to Automatically Solve Algebra Word Problems}}
@INPROCEEDINGS{papers-560,
   AUTHOR = {Tian, Ran and Miyao, Yusuke and Matsuzaki, Takuya},
   SORTNAME = {Tian, Ran and Miyao, Yusuke and Matsuzaki, Takuya},
   TITLE = {Logical Inference on Dependency-based Compositional Semantics}}
@INPROCEEDINGS{papers-563,
   AUTHOR = {Li, Zhenghua and Zhang, Min and Chen, Wenliang},
   SORTNAME = {Li, Zhenghua and Zhang, Min and Chen, Wenliang},
   TITLE = {Ambiguity-aware Ensemble Training for Semi-supervised Dependency Parsing}}
@INPROCEEDINGS{papers-569,
   AUTHOR = {Labutov, Igor and Lipson, Hod},
   SORTNAME = {Labutov, Igor and Lipson, Hod},
   TITLE = {Generating Code-switched Text for Lexical Learning}}
@INPROCEEDINGS{papers-573,
   AUTHOR = {Xu, Wenduan and Clark, Stephen and Zhang, Yue},
   SORTNAME = {Xu, Wenduan and Clark, Stephen and Zhang, Yue},
   TITLE = {Shift-Reduce CCG Parsing with a Dependency Model}}
@INPROCEEDINGS{papers-576,
   AUTHOR = {Persing, Isaac and Ng, Vincent},
   SORTNAME = {Persing, Isaac and Ng, Vincent},
   TITLE = {Modeling Prompt Adherence in Student Essays}}
@INPROCEEDINGS{papers-579,
   AUTHOR = {Rasooli, Mohammad Sadegh and Lippincott, Thomas and Habash, Nizar and Rambow, Owen},
   SORTNAME = {Rasooli, Mohammad Sadegh and Lippincott, Thomas and Habash, Nizar and Rambow, Owen},
   TITLE = {Unsupervised Morphology-Based Vocabulary Expansion}}
@INPROCEEDINGS{papers-582,
   AUTHOR = {Yang, Bishan and Cardie, Claire},
   SORTNAME = {Yang, Bishan and Cardie, Claire},
   TITLE = {Context-aware Learning for Sentence-level Sentiment Analysis with Posterior Regularization}}
@INPROCEEDINGS{papers-584,
   AUTHOR = {Chang, Yin-Wen and Rush, Alexander M. and DeNero, John and Collins, Michael},
   SORTNAME = {Chang, Yin-Wen and Rush, Alexander M. and DeNero, John and Collins, Michael},
   TITLE = {A Constrained Viterbi Relaxation for Bidirectional Word Alignment}}
@INPROCEEDINGS{papers-585,
   AUTHOR = {Hermann, Karl Moritz and Blunsom, Phil},
   SORTNAME = {Hermann, Karl Moritz and Blunsom, Phil},
   TITLE = {Multilingual Models for Compositional Distributed Semantics}}
@INPROCEEDINGS{papers-588,
   AUTHOR = {Hasan, Kazi Saidul and Ng, Vincent},
   SORTNAME = {Hasan, Kazi Saidul and Ng, Vincent},
   TITLE = {Automatic Keyphrase Extraction: A Survey of the State of the Art}}
@INPROCEEDINGS{papers-594,
   AUTHOR = {Thadani, Kapil},
   SORTNAME = {Thadani, Kapil},
   TITLE = {Approximation Strategies for Multi-Structure Sentence Compression}}
@INPROCEEDINGS{papers-601,
   AUTHOR = {Duan, Manjuan and White, Michael},
   SORTNAME = {Duan, Manjuan and White, Michael},
   TITLE = {That's Not What I Meant! Using Parsers to Avoid Structural Ambiguities in Generated Text}}
@INPROCEEDINGS{papers-603,
   AUTHOR = {Hashimoto, Chikara and Torisawa, Kentaro and Kloetzer, Julien and Sano, Motoki and Varga, István and Oh, Jong-Hoon and Kidawara, Yutaka},
   SORTNAME = {Hashimoto, Chikara and Torisawa, Kentaro and Kloetzer, Julien and Sano, Motoki and Varga, Istvan and Oh, Jong-Hoon and Kidawara, Yutaka},
   TITLE = {Toward Future Scenario Generation: Extracting Event Causality Exploiting Semantic Relation, Context, and Association Features}}
@INPROCEEDINGS{papers-605,
   AUTHOR = {Andrews, Nicholas and Eisner, Jason and Dredze, Mark},
   SORTNAME = {Andrews, Nicholas and Eisner, Jason and Dredze, Mark},
   TITLE = {Robust Entity Clustering via Phylogenetic Inference}}
@INPROCEEDINGS{papers-607,
   AUTHOR = {Jia, Zhongye and Zhao, Hai},
   SORTNAME = {Jia, Zhongye and Zhao, Hai},
   TITLE = {A Joint Graph Model for Pinyin-to-Chinese Conversion with Typo Correction}}
@INPROCEEDINGS{papers-610,
   AUTHOR = {Cortes, Corinna and Kuznetsov, Vitaly and Mohri, Mehryar},
   SORTNAME = {Cortes, Corinna and Kuznetsov, Vitaly and Mohri, Mehryar},
   TITLE = {Learning Ensembles of Structured Prediction Rules}}
@INPROCEEDINGS{papers-065,
   AUTHOR = {Huang, Minlie and Ye, Borui and Wang, Yichen and Chen, Haiqiang and Cheng, Junjun and Zhu, Xiaoyan},
   SORTNAME = {Huang, Minlie and Ye, Borui and Wang, Yichen and Chen, Haiqiang and Cheng, Junjun and Zhu, Xiaoyan},
   TITLE = {New Word Detection for Sentiment Analysis}}
@INPROCEEDINGS{papers-007,
   AUTHOR = {Nagata, Ryo and Vilenius, Mikko and Whittaker, Edward},
   SORTNAME = {Nagata, Ryo and Vilenius, Mikko and Whittaker, Edward},
   TITLE = {Correcting Preposition Errors in Learner English Using Error Case Frames and Feedback Messages}}
@INPROCEEDINGS{papers-073,
   AUTHOR = {Li, Sujian and Wang, Liang and Cao, Ziqiang and Li, Wenjie},
   SORTNAME = {Li, Sujian and Wang, Liang and Cao, Ziqiang and Li, Wenjie},
   TITLE = {Text-level Discourse Dependency Parsing}}
@INPROCEEDINGS{papers-075,
   AUTHOR = {Ng, Jun-Ping and Chen, Yan and Kan, Min-Yen and Li, Zhoujun},
   SORTNAME = {Ng, Jun-Ping and Chen, Yan and Kan, Min-Yen and Li, Zhoujun},
   TITLE = {Exploiting Timelines to Enhance Multi-document Summarization}}
@INPROCEEDINGS{papers-080,
   AUTHOR = {Huang, Fei and Xu, Jian-Ming and Ittycheriah, Abraham and Roukos, Salim},
   SORTNAME = {Huang, Fei and Xu, Jian-Ming and Ittycheriah, Abraham and Roukos, Salim},
   TITLE = {Adaptive HTER Estimation for Document-Specific MT Post-Editing}}
@INPROCEEDINGS{papers-082,
   AUTHOR = {Saluja, Avneesh and Hassan, Hany and Toutanova, Kristina and Quirk, Chris},
   SORTNAME = {Saluja, Avneesh and Hassan, Hany and Toutanova, Kristina and Quirk, Chris},
   TITLE = {Graph-based Semi-Supervised Learning of Translation Models from Monolingual Data}}
@INPROCEEDINGS{papers-085,
   AUTHOR = {Zeng, Xiaodong and Chao, Lidia S. and Wong, Derek F. and Trancoso, Isabel and Tian, Liang},
   SORTNAME = {Zeng, Xiaodong and Chao, Lidia S. and Wong, Derek F. and Trancoso, Isabel and Tian, Liang},
   TITLE = {Toward Better Chinese Word Segmentation for SMT via Bilingual Constraints}}
@INPROCEEDINGS{papers-091,
   AUTHOR = {Xu, Liheng and Liu, Kang and Lai, Siwei and Zhao, Jun},
   SORTNAME = {Xu, Liheng and Liu, Kang and Lai, Siwei and Zhao, Jun},
   TITLE = {Product Feature Mining: Semantic Clues versus Syntactic Constituents}}
@INPROCEEDINGS{papers-099,
   AUTHOR = {Baroni, Marco and Dinu, Georgiana and Kruszewski, Germán},
   SORTNAME = {Baroni, Marco and Dinu, Georgiana and Kruszewski, German},
   TITLE = {Don't count, predict! A systematic comparison of context-counting vs. context-predicting semantic vectors}}
