@INPROCEEDINGS{NLPSD-010,
   AUTHOR = {Ding, Ying and Jiang, Jing and Diao, Qiming},
   SORTNAME = {Ding, Ying and Jiang, Jing and Diao, Qiming},
   TITLE = {A Unified Topic-Style Model for Online Discussions}}
@INPROCEEDINGS{NLPSD-012,
   AUTHOR = {Bak, JinYeong and Lin, Chin-Yew and Oh, Alice},
   SORTNAME = {Bak, JinYeong and Lin, Chin-Yew and Oh, Alice},
   TITLE = {Self-disclosure topic model for Twitter conversations}}
@INPROCEEDINGS{NLPSD-013,
   AUTHOR = {Prabhakaran, Vinodkumar and Arora, Ashima and Rambow, Owen},
   SORTNAME = {Prabhakaran, Vinodkumar and Arora, Ashima and Rambow, Owen},
   TITLE = {Power of Confidence: How Poll Scores Impact Topic Dynamics in Political Debates}}
@INPROCEEDINGS{NLPSD-015,
   AUTHOR = {Tsur, Oren and Calacci, Dan and Lazer, David},
   SORTNAME = {Tsur, Oren and Calacci, Dan and Lazer, David},
   TITLE = {As Long as You Name My Name Right: Social Circles and Social Sentiment in the Hollywood Hearings}}
@INPROCEEDINGS{NLPSD-018,
   AUTHOR = {Xu, Shaobin and Smith, David and Mullen, Abigail and Cordell, Ryan},
   SORTNAME = {Xu, Shaobin and Smith, David and Mullen, Abigail and Cordell, Ryan},
   TITLE = {Detecting and Evaluating Local Text Reuse in Social Networks}}
@INPROCEEDINGS{NLPSD-019,
   AUTHOR = {Wang, Yu and Clark, Tom and Staton, Jeffrey and Agichtein, Eugene},
   SORTNAME = {Wang, Yu and Clark, Tom and Staton, Jeffrey and Agichtein, Eugene},
   TITLE = {Towards Tracking Political Sentiment through Microblog Data}}
@INPROCEEDINGS{NLPSD-022,
   AUTHOR = {De Silva, Lalindra and Riloff, Ellen},
   SORTNAME = {De Silva, Lalindra and Riloff, Ellen},
   TITLE = {User Type Classification of Tweets with Implications for Event Recognition}}
@INPROCEEDINGS{NLPSD-023,
   AUTHOR = {Riordan, Brian and Wade, Heather and Upal, Afzal},
   SORTNAME = {Riordan, Brian and Wade, Heather and Upal, Afzal},
   TITLE = {Detecting Sociostructural Beliefs about Group Status Differences in Online Discussions}}
@INPROCEEDINGS{NLPSD-024,
   AUTHOR = {Mohammady, Ehsan and Culotta, Aron},
   SORTNAME = {Mohammady, Ehsan and Culotta, Aron},
   TITLE = {Using County Demographics to Infer Attributes of Twitter Users}}
@INPROCEEDINGS{NLPSD-025,
   AUTHOR = {Puranam, Dinesh and Cardie, Claire},
   SORTNAME = {Puranam, Dinesh and Cardie, Claire},
   TITLE = {The Enrollment Effect: A Study of Amazon's Vine Program}}
@INPROCEEDINGS{NLPSD-026,
   AUTHOR = {Sridhar, Dhanya and Getoor, Lise and Walker, Marilyn},
   SORTNAME = {Sridhar, Dhanya and Getoor, Lise and Walker, Marilyn},
   TITLE = {Collective Stance Classification of Posts in Online Debate Forums}}
@INPROCEEDINGS{NLPSD-003,
   AUTHOR = {Uzzi, Ornan},
   SORTNAME = {Uzzi, Ornan},
   TITLE = {Innovation of Verbs in Hebrew}}
@INPROCEEDINGS{NLPSD-005,
   AUTHOR = {Cagan, Tomer and Frank, Stefan L. and Tsarfaty, Reut},
   SORTNAME = {Cagan, Tomer and Frank, Stefan L. and Tsarfaty, Reut},
   TITLE = {Generating Subjective Responses to Opinionated Articles in Social Media: An Agenda-Driven Architecture and a Turing-Like Test}}
@INPROCEEDINGS{NLPSD-007,
   AUTHOR = {Hunter, Starling},
   SORTNAME = {Hunter, Starling},
   TITLE = {A Semi-Automated Method of Network Text Analysis Applied to 150 Original Screenplays}}
@INPROCEEDINGS{NLPSD-009,
   AUTHOR = {Manikonda, Lydia and Pon-Barry, Heather and Kambhampati, Subbarao and Hekler, Eric and McDonald, David W.},
   SORTNAME = {Manikonda, Lydia and Pon-Barry, Heather and Kambhampati, Subbarao and Hekler, Eric and McDonald, David W.},
   TITLE = {Discourse Analysis of User Forums in an Online Weight Loss Application}}
