@INPROCEEDINGS{alvr-016,
   AUTHOR = {Mazuecos, Mauricio and Testoni, Alberto and Bernardi, Raffaella and Benotti, Luciana},
   SORTNAME = {Mazuecos, Mauricio and Testoni, Alberto and Bernardi, Raffaella and Benotti, Luciana},
   TITLE = {On the role of effective and referring questions in GuessWhat?!}}
@INPROCEEDINGS{alvr-006,
   AUTHOR = {Choi, Woo Suk and On, Kyoung-Woon and Heo, Yu-Jung and Zhang, Byoung-Tak},
   SORTNAME = {Choi, Woo Suk and On, Kyoung-Woon and Heo, Yu-Jung and Zhang, Byoung-Tak},
   TITLE = {Toward General Scene Graph: Integration of Visual Semantic Knowledge with Entity Synset Alignment}}
@INPROCEEDINGS{alvr-015,
   AUTHOR = {Sarrouti, Mourad and Ben Abacha, Asma and Demner-Fushman, Dina},
   SORTNAME = {Sarrouti, Mourad and Ben Abacha, Asma and Demner-Fushman, Dina},
   TITLE = {Visual Question Generation from Radiology Images}}
@INPROCEEDINGS{alvr-002,
   AUTHOR = {Alsudais, Abdulkareem},
   SORTNAME = {Alsudais, Abdulkareem},
   TITLE = {Extending ImageNet to Arabic using Arabic WordNet}}
@INPROCEEDINGS{alvr-022,
   AUTHOR = {Rajaby Faghihi, Hossein and Mirzaee, Roshanak and Paliwal, Sudarshan and Kordjamshidi, Parisa},
   SORTNAME = {Rajaby Faghihi, Hossein and Mirzaee, Roshanak and Paliwal, Sudarshan and Kordjamshidi, Parisa},
   TITLE = {Latent Alignment of Procedural Concepts in Multimodal Recipes}}
