@INPROCEEDINGS{tutorials-032,
   AUTHOR = {Grundkiewicz, Roman and Bryant, Christopher and Felice, Mariano},
   SORTNAME = {Grundkiewicz, Roman and Bryant, Christopher and Felice, Mariano},
   TITLE = {A Crash Course in Automatic Grammatical Error Correction}}
@INPROCEEDINGS{tutorials-033,
   AUTHOR = {Kordjamshidi, Parisa and Pustejovsky, James and Moens, Marie-Francine},
   SORTNAME = {Kordjamshidi, Parisa and Pustejovsky, James and Moens, Marie-Francine},
   TITLE = {Tutorial: Representation, Learning and Reasoning on Spatial Language for Down-stream NLP Tasks}}
@INPROCEEDINGS{tutorials-020,
   AUTHOR = {Dhanorkar, Shipi and Wolf, Christine and Qian, Kun and Xu, Anbang and Popa, Lucian and Li, Yunyao},
   SORTNAME = {Dhanorkar, Shipi and Wolf, Christine and Qian, Kun and Xu, Anbang and Popa, Lucian and Li, Yunyao},
   TITLE = {Explainability for Natural Language Processing}}
@INPROCEEDINGS{tutorials-018,
   AUTHOR = {Cohen, Kevin and Fort, Karën and Mieskes, Margot and Névéol, Aurélie},
   SORTNAME = {Cohen, Kevin and Fort, Karen and Mieskes, Margot and Neveol, Aurelie},
   TITLE = {Reviewing Natural Language Processing Research}}
@INPROCEEDINGS{tutorials-027,
   AUTHOR = {Nakov, Preslav and Da San Martino, Giovanni},
   SORTNAME = {Nakov, Preslav and Da San Martino, Giovanni},
   TITLE = {Fact-Checking, Fake News, Propaganda, and Media Bias: Truth Seeking in the Post-Truth Era}}
@INPROCEEDINGS{tutorials-009,
   AUTHOR = {Karimi, Sarvnaz and Joshi, Aditya},
   SORTNAME = {Karimi, Sarvnaz and Joshi, Aditya},
   TITLE = {NLP for Healthcare in the Absence of a Healthcare Dataset}}
@INPROCEEDINGS{tutorials-011,
   AUTHOR = {Dabre, Raj and Chu, Chenhui and Kunchukuttan, Anoop},
   SORTNAME = {Dabre, Raj and Chu, Chenhui and Kunchukuttan, Anoop},
   TITLE = {Multilingual Neural Machine Translation}}
@INPROCEEDINGS{tutorials-007,
   AUTHOR = {Duan, Nan and Tang, Duyu and Zhou, Ming},
   SORTNAME = {Duan, Nan and Tang, Duyu and Zhou, Ming},
   TITLE = {Machine Reasoning for Knowledgeable, Explainable and Inferable Models}}
@INPROCEEDINGS{tutorials-029,
   AUTHOR = {Rogers, Anna and Rumshisky, Anna},
   SORTNAME = {Rogers, Anna and Rumshisky, Anna},
   TITLE = {A guide to the dataset explosion in QA, NLI, and commonsense reasoning}}
@INPROCEEDINGS{tutorials-042,
   AUTHOR = {Sap, Maarten and Shwartz, Vered and Bosselut, Antoine and Choi, Yejin and Roth, Dan},
   SORTNAME = {Sap, Maarten and Shwartz, Vered and Bosselut, Antoine and Choi, Yejin and Roth, Dan},
   TITLE = {Commonsense Reasoning for Natural Language Processing}}
@INPROCEEDINGS{tutorials-028,
   AUTHOR = {Derczynski, Leon and Zubiaga, Arkaitz},
   SORTNAME = {Derczynski, Leon and Zubiaga, Arkaitz},
   TITLE = {Detection and Resolution of Rumors and Misinformation with NLP}}
@INPROCEEDINGS{tutorials-010,
   AUTHOR = {Camacho-Collados, Jose and Pilehvar, Mohammad Taher},
   SORTNAME = {Camacho-Collados, Jose and Pilehvar, Mohammad Taher},
   TITLE = {Embeddings in Natural Language Processing}}
@INPROCEEDINGS{tutorials-019,
   AUTHOR = {Wang, William Yang and Yang, Zhilin},
   SORTNAME = {Wang, William Yang and Yang, Zhilin},
   TITLE = {Self-Supervised Deep Learning for NLP}}
@INPROCEEDINGS{tutorials-026,
   AUTHOR = {Nematzadeh, Aida and Futrell, Richard},
   SORTNAME = {Nematzadeh, Aida and Futrell, Richard},
   TITLE = {Computational Modeling of Language Learning, Processing, and Emergence}}
@INPROCEEDINGS{tutorials-008,
   AUTHOR = {Wallace, Eric and Gardner, Matt and Singh, Sameer},
   SORTNAME = {Wallace, Eric and Gardner, Matt and Singh, Sameer},
   TITLE = {Interpreting Predictions of NLP Models}}
@INPROCEEDINGS{tutorials-044,
   AUTHOR = {Chen, Danqi and Yih, Wen-tau},
   SORTNAME = {Chen, Danqi and Yih, Wen-tau},
   TITLE = {Open-Domain Question Answering}}
@INPROCEEDINGS{tutorials-043,
   AUTHOR = {Bar-Haim, Roy and Bilu, Yonatan and Ein-Dor, Liat and Slonim, Noam},
   SORTNAME = {Bar-Haim, Roy and Bilu, Yonatan and Ein-Dor, Liat and Slonim, Noam},
   TITLE = {Advances in Debating Technologies: Building AI That Can Debate Humans}}
@INPROCEEDINGS{tutorials-030,
   AUTHOR = {Ji, Yangfeng and Bosselut, Antoine and Wolf, Thomas and Celikyilmaz, Asli},
   SORTNAME = {Ji, Yangfeng and Bosselut, Antoine and Wolf, Thomas and Celikyilmaz, Asli},
   TITLE = {The Amazing World of Neural Language Generation}}
@INPROCEEDINGS{tutorials-039,
   AUTHOR = {Anastasopoulos, Antonios and Cox, Christopher and Neubig, Graham and Cruz, Hilaria},
   SORTNAME = {Anastasopoulos, Antonios and Cox, Christopher and Neubig, Graham and Cruz, Hilaria},
   TITLE = {Endangered Languages meet Modern NLP}}
@INPROCEEDINGS{tutorials-046,
   AUTHOR = {Alikhani, Malihe and Stone, Matthew},
   SORTNAME = {Alikhani, Malihe and Stone, Matthew},
   TITLE = {Achieving Common Ground in Multi-modal Dialogue}}
@INPROCEEDINGS{tutorials-041,
   AUTHOR = {Dong, Xin Luna and Hajishirzi, Hannaneh and Lockard, Colin and Shiralkar, Prashant},
   SORTNAME = {Dong, Xin Luna and Hajishirzi, Hannaneh and Lockard, Colin and Shiralkar, Prashant},
   TITLE = {Multi-modal Information Extraction from Text, Semi-structured, and Tabular Data on the Web}}
@INPROCEEDINGS{tutorials-048,
   AUTHOR = {Huang, Liang and Cherry, Colin and Ma, Mingbo and Arivazhagan, Naveen and He, Zhongjun},
   SORTNAME = {Huang, Liang and Cherry, Colin and Ma, Mingbo and Arivazhagan, Naveen and He, Zhongjun},
   TITLE = {Tutorial Proposal: Simultaneous Translation}}
@INPROCEEDINGS{tutorials-023,
   AUTHOR = {Mou, Lili and Vechtomova, Olga},
   SORTNAME = {Mou, Lili and Vechtomova, Olga},
   TITLE = {Stylized Text Generation: Approaches and Applications}}
@INPROCEEDINGS{tutorials-004,
   AUTHOR = {Chen, Hsin-Hsi and Huang, Hen-Hsen and Chen, Chung-Chi},
   SORTNAME = {Chen, Hsin-Hsi and Huang, Hen-Hsen and Chen, Chung-Chi},
   TITLE = {Natural Language Processing in Financial Technology Applications}}
@INPROCEEDINGS{tutorials-003,
   AUTHOR = {Belinkov, Yonatan and Gehrmann, Sebastian and Pavlick, Ellie},
   SORTNAME = {Belinkov, Yonatan and Gehrmann, Sebastian and Pavlick, Ellie},
   TITLE = {Interpretability and Analysis in Neural NLP}}
@INPROCEEDINGS{tutorials-049,
   AUTHOR = {Das, Rajarshi and Dhingra, Bhuwan and Lin, Xi Victoria and Zaheer, Manzil and Cohen, William and McCallum, Andrew},
   SORTNAME = {Das, Rajarshi and Dhingra, Bhuwan and Lin, Xi Victoria and Zaheer, Manzil and Cohen, William and McCallum, Andrew},
   TITLE = {Multi-hop Question Answering over Knowledge Bases and Text}}
@INPROCEEDINGS{tutorials-040,
   AUTHOR = {Bleik, Said and Fierro, Miguel and Lu, Hong and Deng, Daisy and Chen, Yijing and Spetalnick, Heather and Wu, Tao and Chikkerur, Sharat},
   SORTNAME = {Bleik, Said and Fierro, Miguel and Lu, Hong and Deng, Daisy and Chen, Yijing and Spetalnick, Heather and Wu, Tao and Chikkerur, Sharat},
   TITLE = {A Hitchhikers guide to using Transformers for multiple scenarios and languages}}
@INPROCEEDINGS{tutorials-047,
   AUTHOR = {Yu, Zhou and Hakkani-Tur, Dilek and Zhao, Tiancheng and wei, wei},
   SORTNAME = {Yu, Zhou and Hakkani-Tur, Dilek and Zhao, Tiancheng and wei, wei},
   TITLE = {Challenges in Dialog Research}}
@INPROCEEDINGS{tutorials-013,
   AUTHOR = {Ilharco, Gabriel and Ilharco Magalhaes, Cesar and Lee, Kenton},
   SORTNAME = {Ilharco, Gabriel and Ilharco Magalhaes, Cesar and Lee, Kenton},
   TITLE = {High Performance Natural Language Processing}}
@INPROCEEDINGS{tutorials-005,
   AUTHOR = {Abend, Omri and Dvir, Dotan and Hershcovich, Daniel and Prange, Jakob and Schneider, Nathan},
   SORTNAME = {Abend, Omri and Dvir, Dotan and Hershcovich, Daniel and Prange, Jakob and Schneider, Nathan},
   TITLE = {Cross-lingual Semantic Representation for NLP with UCCA}}
@INPROCEEDINGS{tutorials-014,
   AUTHOR = {Bender, Emily M. and Hovy, Dirk and Schofield, Alexandra},
   SORTNAME = {Bender, Emily M. and Hovy, Dirk and Schofield, Alexandra},
   TITLE = {Integrating Ethics into the NLP Curriculum}}
