@INPROCEEDINGS{NLPTEA-132,
   AUTHOR = {Rao, Gaoqi and Gong, Qi and Zhang, Baolin and Xun, Endong},
   SORTNAME = {Rao, Gaoqi and Gong, Qi and Zhang, Baolin and Xun, Endong},
   TITLE = {Overview of NLPTEA-2018 Share Task Chinese Grammatical Error Diagnosis}}
@INPROCEEDINGS{NLPTEA-104,
   AUTHOR = {Bakharia, Aneesha},
   SORTNAME = {Bakharia, Aneesha},
   TITLE = {Selecting NLP Techniques to Evaluate Learning Design Objectives in Collaborative Multi-perspective Elaboration Activities}}
@INPROCEEDINGS{NLPTEA-103,
   AUTHOR = {Fudholi, Dzikri and Suominen, Hanna},
   SORTNAME = {Fudholi, Dzikri and Suominen, Hanna},
   TITLE = {The Importance of Recommender and Feedback Features in a Pronunciation Learning Aid}}
@INPROCEEDINGS{NLPTEA-102,
   AUTHOR = {Desai, Takshak and Dakle, Parag and Moldovan, Dan},
   SORTNAME = {Desai, Takshak and Dakle, Parag and Moldovan, Dan},
   TITLE = {Generating Questions for Reading Comprehension using Coherence Relations}}
@INPROCEEDINGS{NLPTEA-133,
   AUTHOR = {Tseng, Yuen-Hsien and Lee, Lung-Hao and Chien, Yu-Ta and Chang, Chun-Yen and Li, Tsung-Yen},
   SORTNAME = {Tseng, Yuen-Hsien and Lee, Lung-Hao and Chien, Yu-Ta and Chang, Chun-Yen and Li, Tsung-Yen},
   TITLE = {Multilingual Short Text Responses Clustering for Mobile Educational Activities: a Preliminary Exploration}}
@INPROCEEDINGS{NLPTEA-129,
   AUTHOR = {Hu, Qinan and Zhang, Yongwei and Liu, Fang and Gu, Yueguo},
   SORTNAME = {Hu, Qinan and Zhang, Yongwei and Liu, Fang and Gu, Yueguo},
   TITLE = {Ling\@CASS Solution to the NLP-TEA CGED Shared Task 2018}}
@INPROCEEDINGS{NLPTEA-116,
   AUTHOR = {Chandrasekaran, Muthu Kumar and Kan, Min-Yen},
   SORTNAME = {Chandrasekaran, Muthu Kumar and Kan, Min-Yen},
   TITLE = {Countering Position Bias in Instructor Interventions in MOOC Discussion Forums}}
@INPROCEEDINGS{NLPTEA-111,
   AUTHOR = {Maharjan, Nabin and Rus, Vasile},
   SORTNAME = {Maharjan, Nabin and Rus, Vasile},
   TITLE = {A Tutorial Markov Analysis of Effective Human Tutorial Sessions}}
@INPROCEEDINGS{NLPTEA-118,
   AUTHOR = {Marrese-Taylor, Edison and Nakajima, Ai and Matsuo, Yutaka and Yuichi, Ono},
   SORTNAME = {Marrese-Taylor, Edison and Nakajima, Ai and Matsuo, Yutaka and Yuichi, Ono},
   TITLE = {Learning to Automatically Generate Fill-In-The-Blank Quizzes}}
@INPROCEEDINGS{NLPTEA-127,
   AUTHOR = {Li, Changliang and Qi, Ji},
   SORTNAME = {Li, Changliang and Qi, Ji},
   TITLE = {Chinese Grammatical Error Diagnosis Based on Policy Gradient LSTM Model}}
@INPROCEEDINGS{NLPTEA-120,
   AUTHOR = {Saddiki, Hind and Habash, Nizar and Cavalli-Sforza, Violetta and Al Khalil, Muhamed},
   SORTNAME = {Saddiki, Hind and Habash, Nizar and Cavalli-Sforza, Violetta and Al Khalil, Muhamed},
   TITLE = {Feature Optimization for Predicting Readability of Arabic L1 and L2}}
@INPROCEEDINGS{NLPTEA-121,
   AUTHOR = {Zhou, Yujie and Shao, Yinan and Zhou, Yong},
   SORTNAME = {Zhou, Yujie and Shao, Yinan and Zhou, Yong},
   TITLE = {Chinese Grammatical Error Diagnosis Based on CRF and LSTM-CRF model}}
@INPROCEEDINGS{NLPTEA-119,
   AUTHOR = {Mathias, Sandeep and Bhattacharyya, Pushpak},
   SORTNAME = {Mathias, Sandeep and Bhattacharyya, Pushpak},
   TITLE = {Thank ``Goodness''! A Way to Measure Style in Student Essays}}
@INPROCEEDINGS{NLPTEA-126,
   AUTHOR = {Liu, Yajun and Zan, Hongying and Zhong, Mengjie and Ma, Hongchao},
   SORTNAME = {Liu, Yajun and Zan, Hongying and Zhong, Mengjie and Ma, Hongchao},
   TITLE = {Detecting Simultaneously Chinese Grammar Errors Based on a BiLSTM-CRF Model}}
@INPROCEEDINGS{NLPTEA-128,
   AUTHOR = {Wang, Yiyi and Shih, Chilin},
   SORTNAME = {Wang, Yiyi and Shih, Chilin},
   TITLE = {A Hybrid Approach Combining Statistical Knowledge with Conditional Random Fields for Chinese Grammatical Error Detection}}
@INPROCEEDINGS{NLPTEA-117,
   AUTHOR = {Shiokawa, Hayato and Kawaguchi, Kota and Han, Bingcai and Utsuro, Takehito and Kawada, Yasuhide and Yoshioka, Masaharu and Kando, Noriko},
   SORTNAME = {Shiokawa, Hayato and Kawaguchi, Kota and Han, Bingcai and Utsuro, Takehito and Kawada, Yasuhide and Yoshioka, Masaharu and Kando, Noriko},
   TITLE = {Measuring Beginner Friendliness of Japanese Web Pages explaining Academic Concepts by Integrating Neural Image Feature and Text Features}}
@INPROCEEDINGS{NLPTEA-131,
   AUTHOR = {Lin, Chuan-Jie and Chen, Shao-Heng},
   SORTNAME = {Lin, Chuan-Jie and Chen, Shao-Heng},
   TITLE = {Detecting Grammatical Errors in the NTOU CGED System by Identifying Frequent Subsentences}}
@INPROCEEDINGS{NLPTEA-109,
   AUTHOR = {Lange, Herbert and Ljunglöf, Peter},
   SORTNAME = {Lange, Herbert and Ljunglof, Peter},
   TITLE = {MULLE: A grammar-based Latin language learning tool to supplement the classroom setting}}
@INPROCEEDINGS{NLPTEA-107,
   AUTHOR = {Le, Dieu-Thu and Nguyen, Cam-Tu and Wang, Xiaoliang},
   SORTNAME = {Le, Dieu-Thu and Nguyen, Cam-Tu and Wang, Xiaoliang},
   TITLE = {Joint learning of frequency and word embeddings for multilingual readability assessment}}
@INPROCEEDINGS{NLPTEA-106,
   AUTHOR = {Dasgupta, Tirthankar and Naskar, Abir and Dey, Lipika and Saha, Rupsa},
   SORTNAME = {Dasgupta, Tirthankar and Naskar, Abir and Dey, Lipika and Saha, Rupsa},
   TITLE = {Augmenting Textual Qualitative Features in Deep Convolution Recurrent Neural Network for Automatic Essay Scoring}}
@INPROCEEDINGS{NLPTEA-108,
   AUTHOR = {Lin, Henry},
   SORTNAME = {Lin, Henry},
   TITLE = {Syntactic and Lexical Approaches to Reading Comprehension}}
@INPROCEEDINGS{NLPTEA-130,
   AUTHOR = {Wu, Shih-Hung and Wang, JUN-WEI and Chen, Liang-Pu and Yang, Ping-Che},
   SORTNAME = {Wu, Shih-Hung and Wang, JUN-WEI and Chen, Liang-Pu and Yang, Ping-Che},
   TITLE = {CYUT-III Team Chinese Grammatical Error Diagnosis System Report in NLPTEA-2018 CGED Shared Task}}
@INPROCEEDINGS{NLPTEA-112,
   AUTHOR = {Bel-Enguix, Gemma and Dueñas Chavez, Diana and Curiel Díaz, Arturo},
   SORTNAME = {Bel-Enguix, Gemma and Duenas Chavez, Diana and Curiel Diaz, Arturo},
   TITLE = {Textual Features Indicative of Writing Proficiency in Elementary School Spanish Documents}}
@INPROCEEDINGS{NLPTEA-115,
   AUTHOR = {Kwong, Oi Yee},
   SORTNAME = {Kwong, Oi Yee},
   TITLE = {From Fidelity to Fluency: Natural Language Processing for Translator Training}}
@INPROCEEDINGS{NLPTEA-123,
   AUTHOR = {Fu, Ruiji and Pei, Zhengqi and Gong, Jiefu and Song, Wei and Teng, Dechuan and Che, Wanxiang and Wang, Shijin and Hu, Guoping and Liu, Ting},
   SORTNAME = {Fu, Ruiji and Pei, Zhengqi and Gong, Jiefu and Song, Wei and Teng, Dechuan and Che, Wanxiang and Wang, Shijin and Hu, Guoping and Liu, Ting},
   TITLE = {Chinese Grammatical Error Diagnosis using Statistical and Prior Knowledge driven Features with Probabilistic Ensemble Enhancement}}
@INPROCEEDINGS{NLPTEA-124,
   AUTHOR = {Li, Chen and Zhou, Junpei and Bao, Zuyi and Liu, Hengyou and Xu, Guangwei and Li, Linlin},
   SORTNAME = {Li, Chen and Zhou, Junpei and Bao, Zuyi and Liu, Hengyou and Xu, Guangwei and Li, Linlin},
   TITLE = {A Hybrid System for Chinese Grammatical Error Diagnosis and Correction}}
@INPROCEEDINGS{NLPTEA-125,
   AUTHOR = {Yongwei, Zhang and Qinan, Hu and Fang, Liu and Yueguo, Gu},
   SORTNAME = {Yongwei, Zhang and Qinan, Hu and Fang, Liu and Yueguo, Gu},
   TITLE = {CMMC-BDRC Solution to the NLP-TEA-2018 Chinese Grammatical Error Diagnosis Task}}
@INPROCEEDINGS{NLPTEA-122,
   AUTHOR = {Zhao, Jianbo and Li, Si and Lin, Zhiqing},
   SORTNAME = {Zhao, Jianbo and Li, Si and Lin, Zhiqing},
   TITLE = {Contextualized Character Representation for Chinese Grammatical Error Diagnosis}}
@INPROCEEDINGS{NLPTEA-114,
   AUTHOR = {Wu, Shih-Hung and Shih, Wen-Feng},
   SORTNAME = {Wu, Shih-Hung and Shih, Wen-Feng},
   TITLE = {A Short Answer Grading System in Chinese by Support Vector Approach}}
@INPROCEEDINGS{NLPTEA-113,
   AUTHOR = {Kotani, Katsunori and Yoshimi, Takehiko},
   SORTNAME = {Kotani, Katsunori and Yoshimi, Takehiko},
   TITLE = {Assessment of an Index for Measuring Pronunciation Difficulty}}
