@INPROCEEDINGS{WiNLP-061,
   AUTHOR = {Ramesh, Krithika and Anand, Tanvi},
   SORTNAME = {Ramesh, Krithika and Anand, Tanvi},
   TITLE = {Outcomes of coming out: Analyzing stories of LGBTQ+}}
@INPROCEEDINGS{WiNLP-059,
   AUTHOR = {Pawlicka Maule, Anna Paula and Johnson, Kristen},
   SORTNAME = {Pawlicka Maule, Anna Paula and Johnson, Kristen},
   TITLE = {Using Social Media For Bitcoin Day Trading Behavior Prediction}}
@INPROCEEDINGS{WiNLP-066,
   AUTHOR = {Xu, Weijia and Carpuat, Marine},
   SORTNAME = {Xu, Weijia and Carpuat, Marine},
   TITLE = {Flexible Non-Autoregressive Neural Machine Translation via Repositioning Edit Operations}}
@INPROCEEDINGS{WiNLP-050,
   AUTHOR = {Dudy, Shiran and Bedrick, Steven},
   SORTNAME = {Dudy, Shiran and Bedrick, Steven},
   TITLE = {Long-Tail Predictions with Continuous-Output Language Models}}
@INPROCEEDINGS{WiNLP-057,
   AUTHOR = {Agrawal, Sweta and Carpuat, Marine},
   SORTNAME = {Agrawal, Sweta and Carpuat, Marine},
   TITLE = {Multitask Models for Controlling the Complexity of Neural Machine Translation}}
@INPROCEEDINGS{WiNLP-032,
   AUTHOR = {Siminyu, Kathleen and Freshia, Sackey},
   SORTNAME = {Siminyu, Kathleen and Freshia, Sackey},
   TITLE = {AI4D - African Language Dataset Challenge}}
@INPROCEEDINGS{WiNLP-051,
   AUTHOR = {Acken, Audrey and Demszky, Dorottya},
   SORTNAME = {Acken, Audrey and Demszky, Dorottya},
   TITLE = {Analyzing the Framing of 2020 Presidential Candidates in the News}}
@INPROCEEDINGS{WiNLP-060,
   AUTHOR = {Akinfaderin, Adewale},
   SORTNAME = {Akinfaderin, Adewale},
   TITLE = {HausaMT v1.0: Towards English---Hausa Neural Machine Translation}}
@INPROCEEDINGS{WiNLP-034,
   AUTHOR = {Araujo, Vladimir and Carvallo, Andrés and Parra, Denis},
   SORTNAME = {Araujo, Vladimir and Carvallo, Andres and Parra, Denis},
   TITLE = {Adversarial Evaluation of BERT for Biomedical Named Entity Recognition}}
@INPROCEEDINGS{WiNLP-033,
   AUTHOR = {Meghwal, Diksha and Kann, Katharina and Calixto, Iacer and Jastrzebski, Stanislaw},
   SORTNAME = {Meghwal, Diksha and Kann, Katharina and Calixto, Iacer and Jastrzebski, Stanislaw},
   TITLE = {Can Wikipedia Categories Improve Masked Language Model Pretraining?}}
@INPROCEEDINGS{WiNLP-009,
   AUTHOR = {Eshetu, Abebawu and Teshome, Getenesh and Alemayehu, Ribka},
   SORTNAME = {Eshetu, Abebawu and Teshome, Getenesh and Alemayehu, Ribka},
   TITLE = {Similarity and Farness Based Bidirectional Neural Co-Attention for Amharic Natural Language Inference}}
@INPROCEEDINGS{WiNLP-011,
   AUTHOR = {Hartmann, Nathan and Paetzold, Gustavo Henrique and Aluísio, Sandra},
   SORTNAME = {Hartmann, Nathan and Paetzold, Gustavo Henrique and Aluisio, Sandra},
   TITLE = {SIMPLEX-PB 2.0: A Reliable Dataset for Lexical Simplification in Brazilian Portuguese}}
@INPROCEEDINGS{WiNLP-029,
   AUTHOR = {Guimarães, Patrick and Froes, Jader and Costa, Douglas and Freitas, Larissa},
   SORTNAME = {Guimaraes, Patrick and Froes, Jader and Costa, Douglas and Freitas, Larissa},
   TITLE = {A Comparison of Identification Methods of Brazilian Music Styles by Lyrics}}
@INPROCEEDINGS{WiNLP-016,
   AUTHOR = {Bustamante, Gina and Oncevay, Arturo},
   SORTNAME = {Bustamante, Gina and Oncevay, Arturo},
   TITLE = {Monolingual corpus creation and evaluation of truly low-resource languages from Peru}}
@INPROCEEDINGS{WiNLP-042,
   AUTHOR = {Basta, Christine and Costa-jussà, Marta R. and Fonollosa, José A. R.},
   SORTNAME = {Basta, Christine and Costa-jussa, Marta R. and Fonollosa, Jose A. R.},
   TITLE = {Towards Mitigating Gender Bias in a decoder-based Neural Machine Translation model by Adding Contextual Information}}
@INPROCEEDINGS{WiNLP-045,
   AUTHOR = {Yeo, Catherine and Chen, Alyssa},
   SORTNAME = {Yeo, Catherine and Chen, Alyssa},
   TITLE = {Defining and Evaluating Fair Natural Language Generation}}
@INPROCEEDINGS{WiNLP-028,
   AUTHOR = {Vernetti, Pedro and Freitas, Larissa},
   SORTNAME = {Vernetti, Pedro and Freitas, Larissa},
   TITLE = {An Assessment of Language Identification Methods on Tweets and Wikipedia Articles}}
@INPROCEEDINGS{WiNLP-001,
   AUTHOR = {Alemneh, Girma Neshir and Rauber, Andreas and Atnafu, Solomon},
   SORTNAME = {Alemneh, Girma Neshir and Rauber, Andreas and Atnafu, Solomon},
   TITLE = {Corpus based Amharic sentiment lexicon generation}}
@INPROCEEDINGS{WiNLP-010,
   AUTHOR = {Abate, Solomon Teferra and Tachbelie, Martha Yifiru and Melese, Michael and Abera, Hafte and Gebreselassie, Tewodros and Mulugeta, Wondwossen and Assabie, Yaregal and Beyene, Million Meshesha and Atinafu, Solomon and Seyoum, Binyam Ephrem},
   SORTNAME = {Abate, Solomon Teferra and Tachbelie, Martha Yifiru and Melese, Michael and Abera, Hafte and Gebreselassie, Tewodros and Mulugeta, Wondwossen and Assabie, Yaregal and Beyene, Million Meshesha and Atinafu, Solomon and Seyoum, Binyam Ephrem},
   TITLE = {Large Vocabulary Read Speech Corpora for Four Ethiopian Languages: Amharic, Tigrigna, Oromo, and Wolaytta}}
@INPROCEEDINGS{WiNLP-008,
   AUTHOR = {Woldemariyam, Kidane and Getahun, Dr. Fekade},
   SORTNAME = {Woldemariyam, Kidane and Getahun, Dr. Fekade},
   TITLE = {Embedding Oriented Adaptable Semantic Annotation Framework for Amharic Web Documents}}
@INPROCEEDINGS{WiNLP-044,
   AUTHOR = {Babafemi, Oyinlola and Akinfaderin, Adewale},
   SORTNAME = {Babafemi, Oyinlola and Akinfaderin, Adewale},
   TITLE = {Predicting and Analyzing Law-Making in Kenya}}
@INPROCEEDINGS{WiNLP-038,
   AUTHOR = {Wein, Shira},
   SORTNAME = {Wein, Shira},
   TITLE = {Classification and Analysis of Neologisms Produced by Learners of Spanish: Effects of Proficiency and Task}}
@INPROCEEDINGS{WiNLP-036,
   AUTHOR = {Emezue, Chris Chinenye and Dossou, Femi Pancrace Bonaventure},
   SORTNAME = {Emezue, Chris Chinenye and Dossou, Femi Pancrace Bonaventure},
   TITLE = {FFR v1.1: Fon-French Neural Machine Translation}}
@INPROCEEDINGS{WiNLP-031,
   AUTHOR = {Nigam, Amber and Tyagi, Shikha and Dhakar, Kuldeep and Saxena, Arpan},
   SORTNAME = {Nigam, Amber and Tyagi, Shikha and Dhakar, Kuldeep and Saxena, Arpan},
   TITLE = {SkillBERT: ``Skilling'' the BERT to classify skills!}}
@INPROCEEDINGS{WiNLP-065,
   AUTHOR = {Farhan, Aamir and Islam, Mashrukh and Sharma, Dipti Misra},
   SORTNAME = {Farhan, Aamir and Islam, Mashrukh and Sharma, Dipti Misra},
   TITLE = {Enhanced Urdu Word Segmentation using Conditional Random Fields and Morphological Context Features}}
@INPROCEEDINGS{WiNLP-062,
   AUTHOR = {Richburg, Aquia and Eskander, Ramy and Muresan, Smaranda and Carpuat, Marine},
   SORTNAME = {Richburg, Aquia and Eskander, Ramy and Muresan, Smaranda and Carpuat, Marine},
   TITLE = {An Evaluation of Subword Segmentation Strategies for Neural Machine Translation of Morphologically Rich Languages}}
@INPROCEEDINGS{WiNLP-054,
   AUTHOR = {Mahajan, Khyati and Shaikh, Samira},
   SORTNAME = {Mahajan, Khyati and Shaikh, Samira},
   TITLE = {Studying The Effect of Emotional and Moral Language on Information Contagion during the Charlottesville Event}}
@INPROCEEDINGS{WiNLP-030,
   AUTHOR = {Steinmetz, Ina and Harbusch, Karin},
   SORTNAME = {Steinmetz, Ina and Harbusch, Karin},
   TITLE = {Enabling fast and correct typing in 'Leichte Sprache' (Easy Language)}}
@INPROCEEDINGS{WiNLP-037,
   AUTHOR = {Akmal, Muhammad and Romadhony, Ade},
   SORTNAME = {Akmal, Muhammad and Romadhony, Ade},
   TITLE = {Corpus Development for Indonesian Product Named Entity Recognition using Semi-supervised Approach}}
@INPROCEEDINGS{WiNLP-039,
   AUTHOR = {Anees, Yusra and Abdul Rauf, Sadaf and Iqbal, Nauman and Siddiqi, Abdul Basit},
   SORTNAME = {Anees, Yusra and Abdul Rauf, Sadaf and Iqbal, Nauman and Siddiqi, Abdul Basit},
   TITLE = {Developing a Monolingual Sentence Simplification Corpus for Urdu}}
@INPROCEEDINGS{WiNLP-052,
   AUTHOR = {Santhanam, Sashank and Shaikh, Samira},
   SORTNAME = {Santhanam, Sashank and Shaikh, Samira},
   TITLE = {Understanding the Impact of Experiment Design for Evaluating Dialogue System Output}}
@INPROCEEDINGS{WiNLP-055,
   AUTHOR = {Nkolele, Risuna},
   SORTNAME = {Nkolele, Risuna},
   TITLE = {Mapping of Narrative Text Fields To ICD-10 Codes Using Natural Language Processing and Machine Learning}}
@INPROCEEDINGS{WiNLP-046,
   AUTHOR = {Augustyniak, Lukasz and Rajda, Krzysztof and Kajdanowicz, Tomasz and Bernaczyk, Michał},
   SORTNAME = {Augustyniak, Lukasz and Rajda, Krzysztof and Kajdanowicz, Tomasz and Bernaczyk, Michał},
   TITLE = {Political Advertising Dataset: the use case of the Polish 2020 Presidential Elections}}
@INPROCEEDINGS{WiNLP-041,
   AUTHOR = {Cerda-Mardini, Patricio and Araujo, Vladimir and Soto, Álvaro},
   SORTNAME = {Cerda-Mardini, Patricio and Araujo, Vladimir and Soto, Alvaro},
   TITLE = {Translating Natural Language Instructions for Behavioral Robot Navigation with a Multi-Head Attention Mechanism}}
@INPROCEEDINGS{WiNLP-048,
   AUTHOR = {Jacobs, Cassandra L. and McCarthy, Arya D.},
   SORTNAME = {Jacobs, Cassandra L. and McCarthy, Arya D.},
   TITLE = {The human unlikeness of neural language models in next-word prediction}}
@INPROCEEDINGS{WiNLP-024,
   AUTHOR = {Alipoormolabashi, Pegah and Schulte im Walde, Sabine},
   SORTNAME = {Alipoormolabashi, Pegah and Schulte im Walde, Sabine},
   TITLE = {Variants of Vector Space Reductions for Predicting the Compositionality of English Noun Compounds}}
@INPROCEEDINGS{WiNLP-015,
   AUTHOR = {Gebreselassie, Tewodros and Mersha, Amanuel and Gasser, Michael},
   SORTNAME = {Gebreselassie, Tewodros and Mersha, Amanuel and Gasser, Michael},
   TITLE = {A Translation-Based Approach to Morphology Learning for Low Resource Languages}}
@INPROCEEDINGS{WiNLP-003,
   AUTHOR = {Alemneh, Girma Neshir and Rauber, Andreas and Atnafu, Solomon},
   SORTNAME = {Alemneh, Girma Neshir and Rauber, Andreas and Atnafu, Solomon},
   TITLE = {Negation handling for Amharic sentiment classification}}
@INPROCEEDINGS{WiNLP-012,
   AUTHOR = {HASHEMPOUR, REYHANEH and Villavicencio, Aline},
   SORTNAME = {HASHEMPOUR, REYHANEH and Villavicencio, Aline},
   TITLE = {Token Level Identification of Multiword Expressions Using Contextual Information}}
@INPROCEEDINGS{WiNLP-049,
   AUTHOR = {Kusumawardani, Renny Pradina and Azzam, Muhammad},
   SORTNAME = {Kusumawardani, Renny Pradina and Azzam, Muhammad},
   TITLE = {A Study on the Influence of Architecture Complexity of RNNs for Intent Classification in E-Commerce Chats in Bahasa Indonesia}}
@INPROCEEDINGS{WiNLP-040,
   AUTHOR = {Kazemeinizadeh, Amirmohammad and Fatehi, Samin and Mehta, Yash and Eetemadi, Sauleh and Cambria, Erik},
   SORTNAME = {Kazemeinizadeh, Amirmohammad and Fatehi, Samin and Mehta, Yash and Eetemadi, Sauleh and Cambria, Erik},
   TITLE = {Personality Trait Detection Using Bagged SVM over BERT Word Embedding Ensembles}}
@INPROCEEDINGS{WiNLP-047,
   AUTHOR = {Ngoc Le, Tan and Sadat, Fatiha},
   SORTNAME = {Ngoc Le, Tan and Sadat, Fatiha},
   TITLE = {Addressing Challenges of Indigenous Languages through Neural Machine Translation: The case of Inuktitut-English}}
@INPROCEEDINGS{WiNLP-013,
   AUTHOR = {Eshetu, Abebawu and Teshome, Getenesh and Alemahu, Ribka},
   SORTNAME = {Eshetu, Abebawu and Teshome, Getenesh and Alemahu, Ribka},
   TITLE = {Bi-directional Answer-to-Answer Co-attention for Short Answer Grading using Deep Learning}}
@INPROCEEDINGS{WiNLP-014,
   AUTHOR = {Mazuecos, Mauricio and Testoni, Alberto and Bernardi, Raffaella and Benotti, Luciana},
   SORTNAME = {Mazuecos, Mauricio and Testoni, Alberto and Bernardi, Raffaella and Benotti, Luciana},
   TITLE = {Effective questions in referential visual dialogue}}
@INPROCEEDINGS{WiNLP-022,
   AUTHOR = {Abera, Hafte and hailemariam, sebsibe},
   SORTNAME = {Abera, Hafte and hailemariam, sebsibe},
   TITLE = {Tigrinya Automatic Speech recognition with Morpheme based recognition units}}
@INPROCEEDINGS{WiNLP-025,
   AUTHOR = {Kabiito, David and Nakatumba Nabende, Joyce},
   SORTNAME = {Kabiito, David and Nakatumba Nabende, Joyce},
   TITLE = {SentiTel: TABSA for Twitter reviews on Uganda Telecoms}}
