@INPROCEEDINGS{MORPHFSM-010,
   AUTHOR = {Kondrak, Grzegorz},
   SORTNAME = {Kondrak, Grzegorz},
   TITLE = {10 Open Questions in Computational Morphonology}}
@INPROCEEDINGS{MORPHFSM-011,
   AUTHOR = {Jyothi, Preethi and Livescu, Karen},
   SORTNAME = {Jyothi, Preethi and Livescu, Karen},
   TITLE = {Revisiting Word Neighborhoods for Speech Recognition}}
@INPROCEEDINGS{MORPHFSM-012,
   AUTHOR = {Hulden, Mans},
   SORTNAME = {Hulden, Mans},
   TITLE = {Generalizing Inflection Tables into Paradigms with Finite State Operations}}
@INPROCEEDINGS{MORPHFSM-002,
   AUTHOR = {Schrimpf, Natalie and Jarosz, Gaja},
   SORTNAME = {Schrimpf, Natalie and Jarosz, Gaja},
   TITLE = {Comparing Models of Phonotactics for Word Segmentation}}
@INPROCEEDINGS{MORPHFSM-003,
   AUTHOR = {Kessikbayeva, Gulshat and Cicekli, Ilyas},
   SORTNAME = {Kessikbayeva, Gulshat and Cicekli, Ilyas},
   TITLE = {Rule Based Morphological Analyzer of Kazakh Language}}
@INPROCEEDINGS{MORPHFSM-005,
   AUTHOR = {Racz, Peter and Beckner, Clayton and Hay, Jennifer B. and Pierrehumbert, Janet B.},
   SORTNAME = {Racz, Peter and Beckner, Clayton and Hay, Jennifer B. and Pierrehumbert, Janet B.},
   TITLE = {Rules, Analogy, and Social Factors Codetermine Past-tense Formation Patterns in English}}
@INPROCEEDINGS{MORPHFSM-007,
   AUTHOR = {Magri, Giorgio},
   SORTNAME = {Magri, Giorgio},
   TITLE = {The Error-driven Ranking Model of the Acquisition of Phonotactics: How to Keep the Faithfulness Constraints at Bay}}
@INPROCEEDINGS{MORPHFSM-009,
   AUTHOR = {K, Marimuthu and Lalitha Devi, Sobha},
   SORTNAME = {K, Marimuthu and Lalitha Devi, Sobha},
   TITLE = {Automatic Conversion of Dialectal Tamil Text to Standard Written Tamil Text using FSTs}}
