@INPROCEEDINGS{SP14-011,
   AUTHOR = {Beltagy, Islam and Erk, Katrin and Mooney, Raymond},
   SORTNAME = {Beltagy, Islam and Erk, Katrin and Mooney, Raymond},
   TITLE = {Semantic Parsing using Distributional Semantics and Probabilistic Logic}}
@INPROCEEDINGS{SP14-013,
   AUTHOR = {Roth, Michael and Diamantopoulos, Themistoklis and Klein, Ewan and Symeonidis, Andreas},
   SORTNAME = {Roth, Michael and Diamantopoulos, Themistoklis and Klein, Ewan and Symeonidis, Andreas},
   TITLE = {Software Requirements: A new Domain for Semantic Parsers}}
@INPROCEEDINGS{SP14-014,
   AUTHOR = {Schluter, Natalie},
   SORTNAME = {Schluter, Natalie},
   TITLE = {On maximum spanning DAG algorithms for semantic DAG parsing}}
@INPROCEEDINGS{SP14-015,
   AUTHOR = {Grefenstette, Edward and Blunsom, Phil and de Freitas, Nando and Hermann, Karl Moritz},
   SORTNAME = {Grefenstette, Edward and Blunsom, Phil and de Freitas, Nando and Hermann, Karl Moritz},
   TITLE = {A Deep Architecture for Semantic Parsing}}
@INPROCEEDINGS{SP14-016,
   AUTHOR = {Lewis, Mike and Steedman, Mark},
   SORTNAME = {Lewis, Mike and Steedman, Mark},
   TITLE = {Combining Formal and Distributional Models of Temporal and Intensional Semantics}}
@INPROCEEDINGS{SP14-017,
   AUTHOR = {Allen, James},
   SORTNAME = {Allen, James},
   TITLE = {Learning a Lexicon for Broad-coverage Semantic Parsing}}
@INPROCEEDINGS{SP14-019,
   AUTHOR = {Beschke, Sebastian and Liu, Yang and Menzel, Wolfgang},
   SORTNAME = {Beschke, Sebastian and Liu, Yang and Menzel, Wolfgang},
   TITLE = {Large-scale CCG Induction from the Groningen Meaning Bank}}
@INPROCEEDINGS{SP14-021,
   AUTHOR = {Dodge, Ellen K and Petruck, Miriam R L},
   SORTNAME = {Dodge, Ellen K and Petruck, Miriam R L},
   TITLE = {Representing Caused Motion in Embodied Construction Grammar}}
@INPROCEEDINGS{SP14-023,
   AUTHOR = {Stanovsky, Gabriel and Ficler, Jessica and Dagan, Ido and Goldberg, Yoav},
   SORTNAME = {Stanovsky, Gabriel and Ficler, Jessica and Dagan, Ido and Goldberg, Yoav},
   TITLE = {Intermediary Semantic Representation through Proposition Structures}}
@INPROCEEDINGS{SP14-026,
   AUTHOR = {Tian, Ran and Miyao, Yusuke and Matsuzaki, Takuya},
   SORTNAME = {Tian, Ran and Miyao, Yusuke and Matsuzaki, Takuya},
   TITLE = {Efficient Logical Inference for Semantic Processing}}
@INPROCEEDINGS{SP14-027,
   AUTHOR = {White, James},
   SORTNAME = {White, James},
   TITLE = {Towards README-EVAL : Interpreting README File Instructions}}
@INPROCEEDINGS{SP14-029,
   AUTHOR = {Malmaud, Jonathan and Wagner, Earl and Chang, Nancy and Murphy, Kevin},
   SORTNAME = {Malmaud, Jonathan and Wagner, Earl and Chang, Nancy and Murphy, Kevin},
   TITLE = {Cooking with Semantics}}
@INPROCEEDINGS{SP14-031,
   AUTHOR = {Yao, Xuchen and Berant, Jonathan and Van Durme, Benjamin},
   SORTNAME = {Yao, Xuchen and Berant, Jonathan and Van Durme, Benjamin},
   TITLE = {Freebase QA: Information Extraction or Semantic Parsing?}}
@INPROCEEDINGS{SP14-034,
   AUTHOR = {Rocktäschel, Tim and Bošnjak, Matko and Singh, Sameer and Riedel, Sebastian},
   SORTNAME = {Rocktaschel, Tim and Bosnjak, Matko and Singh, Sameer and Riedel, Sebastian},
   TITLE = {Low-Dimensional Embeddings of Logic}}
@INPROCEEDINGS{SP14-007,
   AUTHOR = {Schubert, Lenhart},
   SORTNAME = {Schubert, Lenhart},
   TITLE = {From Treebank Parses to Episodic Logic and Commonsense Inference}}
@INPROCEEDINGS{SP14-009,
   AUTHOR = {Chang, Angel and Savva, Manolis and Manning, Christopher},
   SORTNAME = {Chang, Angel and Savva, Manolis and Manning, Christopher},
   TITLE = {Semantic Parsing for Text to 3D Scene Generation}}
