@INPROCEEDINGS{NLPOSS-009,
   AUTHOR = {Agirre, Eneko and Lopez de Lacalle, Oier and Soroa, Aitor},
   SORTNAME = {Agirre, Eneko and Lopez de Lacalle, Oier and Soroa, Aitor},
   TITLE = {The risk of sub-optimal use of Open Source NLP Software: UKB is inadvertently state-of-the-art in knowledge-based WSD}}
@INPROCEEDINGS{NLPOSS-011,
   AUTHOR = {Hu, Zhiting and Yang, Zichao and Zhao, Tiancheng and Shi, Haoran and He, Junxian and Wang, Di and Ma, Xuezhe and Liu, Zhengzhong and Liang, Xiaodan and Qin, Lianhui and Chaplot, Devendra Singh and Tan, Bowen and Yu, Xingjiang and Xing, Eric},
   SORTNAME = {Hu, Zhiting and Yang, Zichao and Zhao, Tiancheng and Shi, Haoran and He, Junxian and Wang, Di and Ma, Xuezhe and Liu, Zhengzhong and Liang, Xiaodan and Qin, Lianhui and Chaplot, Devendra Singh and Tan, Bowen and Yu, Xingjiang and Xing, Eric},
   TITLE = {Texar: A Modularized, Versatile, and Extensible Toolbox for Text Generation}}
@INPROCEEDINGS{NLPOSS-007,
   AUTHOR = {Nothman, Joel and Qin, Hanmin and Yurchak, Roman},
   SORTNAME = {Nothman, Joel and Qin, Hanmin and Yurchak, Roman},
   TITLE = {Stop Word Lists in Free Open-source Software Packages}}
@INPROCEEDINGS{NLPOSS-006,
   AUTHOR = {Rush, Alexander},
   SORTNAME = {Rush, Alexander},
   TITLE = {The Annotated Transformer}}
@INPROCEEDINGS{NLPOSS-008,
   AUTHOR = {Pressel, Daniel and Ray Choudhury, Sagnik and Lester, Brian and Zhao, Yanjie and Barta, Matt},
   SORTNAME = {Pressel, Daniel and Ray Choudhury, Sagnik and Lester, Brian and Zhao, Yanjie and Barta, Matt},
   TITLE = {Baseline: A Library for Rapid Modeling, Experimentation and Development of Deep Learning Algorithms targeting NLP}}
@INPROCEEDINGS{NLPOSS-004,
   AUTHOR = {Germann, Ulrich and Liepins, Renars and Gosko, Didzis and Barzdins, Guntis},
   SORTNAME = {Germann, Ulrich and Liepins, Renars and Gosko, Didzis and Barzdins, Guntis},
   TITLE = {Integrating Multiple NLP Technologies into an Open-source Platform for Multilingual Media Monitoring}}
@INPROCEEDINGS{NLPOSS-003,
   AUTHOR = {Gardner, Matt and Grus, Joel and Neumann, Mark and Tafjord, Oyvind and Dasigi, Pradeep and F. Liu, Nelson and Peters, Matthew and Schmitz, Michael and Zettlemoyer, Luke},
   SORTNAME = {Gardner, Matt and Grus, Joel and Neumann, Mark and Tafjord, Oyvind and Dasigi, Pradeep and F. Liu, Nelson and Peters, Matthew and Schmitz, Michael and Zettlemoyer, Luke},
   TITLE = {AllenNLP: A Deep Semantic Natural Language Processing Platform}}
@INPROCEEDINGS{NLPOSS-002,
   AUTHOR = {Gildea, Daniel and Kan, Min-Yen and Madnani, Nitin and Teichmann, Christoph and Villalba, Martin},
   SORTNAME = {Gildea, Daniel and Kan, Min-Yen and Madnani, Nitin and Teichmann, Christoph and Villalba, Martin},
   TITLE = {The ACL Anthology: Current State and Future Directions}}
@INPROCEEDINGS{NLPOSS-005,
   AUTHOR = {Kuchaiev, Oleksii and Ginsburg, Boris and Gitman, Igor and Lavrukhin, Vitaly and Case, Carl and Micikevicius, Paulius},
   SORTNAME = {Kuchaiev, Oleksii and Ginsburg, Boris and Gitman, Igor and Lavrukhin, Vitaly and Case, Carl and Micikevicius, Paulius},
   TITLE = {OpenSeq2Seq: Extensible Toolkit for Distributed and Mixed Precision Training of Sequence-to-Sequence Models}}
