@INPROCEEDINGS{WMT14-010,
   AUTHOR = {Do, Quoc Khanh and Herrmann, Teresa and Niehues, Jan and Allauzen, Alexander and Yvon, François and Waibel, Alex},
   SORTNAME = {Do, Quoc Khanh and Herrmann, Teresa and Niehues, Jan and Allauzen, Alexander and Yvon, Francois and Waibel, Alex},
   TITLE = {The KIT-LIMSI Translation System for WMT 2014}}
@INPROCEEDINGS{WMT14-013,
   AUTHOR = {Barancikova, Petra},
   SORTNAME = {Barancikova, Petra},
   TITLE = {Parmesan: Meteor without Paraphrases with Paraphrased References}}
@INPROCEEDINGS{WMT14-015,
   AUTHOR = {Lu, Yi and Wang, Longyue and Wong, Derek F. and Chao, Lidia S. and Wang, Yiming},
   SORTNAME = {Lu, Yi and Wang, Longyue and Wong, Derek F. and Chao, Lidia S. and Wang, Yiming},
   TITLE = {Domain Adaptation for Medical Text Translation using Web Resources}}
@INPROCEEDINGS{WMT14-016,
   AUTHOR = {Wisniewski, Guillaume and Pécheux, Nicolas and Allauzen, Alexander and Yvon, François},
   SORTNAME = {Wisniewski, Guillaume and Pecheux, Nicolas and Allauzen, Alexander and Yvon, Francois},
   TITLE = {LIMSI Submission for WMT'14 QE Task}}
@INPROCEEDINGS{WMT14-017,
   AUTHOR = {Tan, Liling and Pal, Santanu},
   SORTNAME = {Tan, Liling and Pal, Santanu},
   TITLE = {Manawi: Using Multi-Word Expressions and Named Entities to Improve Machine Translation}}
@INPROCEEDINGS{WMT14-018,
   AUTHOR = {Isozaki, Hideki and Kouchi, Natsume and Hirao, Tsutomu},
   SORTNAME = {Isozaki, Hideki and Kouchi, Natsume and Hirao, Tsutomu},
   TITLE = {Dependency-based Automatic Enumeration of Semantically Equivalent Word Orders for Evaluating Japanese Translations}}
@INPROCEEDINGS{WMT14-022,
   AUTHOR = {Borisov, Alexey and Galinskaya, Irina},
   SORTNAME = {Borisov, Alexey and Galinskaya, Irina},
   TITLE = {Yandex School of Data Analysis Russian-English Machine Translation System for WMT14}}
@INPROCEEDINGS{WMT14-023,
   AUTHOR = {Freitag, Markus and Peitz, Stephan and Wuebker, Joern and Ney, Hermann and Huck, Matthias and Sennrich, Rico and Durrani, Nadir and Nadejde, Maria and Williams, Philip and Koehn, Philipp and Herrmann, Teresa and Cho, Eunah and Waibel, Alex},
   SORTNAME = {Freitag, Markus and Peitz, Stephan and Wuebker, Joern and Ney, Hermann and Huck, Matthias and Sennrich, Rico and Durrani, Nadir and Nadejde, Maria and Williams, Philip and Koehn, Philipp and Herrmann, Teresa and Cho, Eunah and Waibel, Alex},
   TITLE = {EU-BRIDGE MT: Combined Machine Translation}}
@INPROCEEDINGS{WMT14-024,
   AUTHOR = {Alrajeh, Abdullah and Niranjan, Mahesan},
   SORTNAME = {Alrajeh, Abdullah and Niranjan, Mahesan},
   TITLE = {Bayesian Reordering Model with Feature Selection}}
@INPROCEEDINGS{WMT14-025,
   AUTHOR = {Li, Liangyou and Wu, Xiaofeng and Vaillo, Santiago Cortes and Xie, Jun and Way, Andy and Liu, Qun},
   SORTNAME = {Li, Liangyou and Wu, Xiaofeng and Vaillo, Santiago Cortes and Xie, Jun and Way, Andy and Liu, Qun},
   TITLE = {The DCU-ICTCAS MT system at WMT 2014 on German-English Translation Task}}
@INPROCEEDINGS{WMT14-026,
   AUTHOR = {Zhang, Jian},
   SORTNAME = {Zhang, Jian},
   TITLE = {Experiments in Medical Translation Shared Task at WMT 2014}}
@INPROCEEDINGS{WMT14-027,
   AUTHOR = {Dungarwal, Piyush and Chatterjee, Rajen and Mishra, Abhijit and Kunchukuttan, Anoop and Shah, Ritesh and Bhattacharyya, Pushpak},
   SORTNAME = {Dungarwal, Piyush and Chatterjee, Rajen and Mishra, Abhijit and Kunchukuttan, Anoop and Shah, Ritesh and Bhattacharyya, Pushpak},
   TITLE = {The IIT Bombay Hindi-English Translation System at WMT 2014}}
@INPROCEEDINGS{WMT14-028,
   AUTHOR = {Stymne, Sara and Tiedemann, Jörg and Nivre, Joakim},
   SORTNAME = {Stymne, Sara and Tiedemann, Jorg and Nivre, Joakim},
   TITLE = {Estimating Word Alignment Quality for SMT Reordering Tasks}}
@INPROCEEDINGS{WMT14-029,
   AUTHOR = {Scarton, Carolina and Specia, Lucia},
   SORTNAME = {Scarton, Carolina and Specia, Lucia},
   TITLE = {Exploring Consensus in Machine Translation for Quality Estimation}}
@INPROCEEDINGS{WMT14-030,
   AUTHOR = {Wang, Longyue and Lu, Yi and Wong, Derek F. and Chao, Lidia S. and Wang, Yiming and Oliveira, Francisco},
   SORTNAME = {Wang, Longyue and Lu, Yi and Wong, Derek F. and Chao, Lidia S. and Wang, Yiming and Oliveira, Francisco},
   TITLE = {Combining Domain Adaptation Approaches for Medical Text Translation}}
@INPROCEEDINGS{WMT14-031,
   AUTHOR = {Comelles, Elisabet and Atserias, Jordi},
   SORTNAME = {Comelles, Elisabet and Atserias, Jordi},
   TITLE = {VERTa participation in the WMT14 Metrics Task}}
@INPROCEEDINGS{WMT14-032,
   AUTHOR = {Schwartz, Lane and Anderson, Timothy and Gwinnup, Jeremy and Young, Katherine},
   SORTNAME = {Schwartz, Lane and Anderson, Timothy and Gwinnup, Jeremy and Young, Katherine},
   TITLE = {Machine Translation and Monolingual Postediting: The AFRL WMT-14 System}}
@INPROCEEDINGS{WMT14-033,
   AUTHOR = {Sánchez-Cartagena, Víctor M. and Pérez-Ortiz, Juan Antonio and Sánchez-Martínez, Felipe},
   SORTNAME = {Sanchez-Cartagena, Victor M. and Perez-Ortiz, Juan Antonio and Sanchez-Martinez, Felipe},
   TITLE = {The UA-Prompsit hybrid machine translation system for the 2014 Workshop on Statistical Machine Translation}}
@INPROCEEDINGS{WMT14-034,
   AUTHOR = {Li, Jianri and Kim, Se-Jong and Na, Hwidong and Lee, Jong-Hyeok},
   SORTNAME = {Li, Jianri and Kim, Se-Jong and Na, Hwidong and Lee, Jong-Hyeok},
   TITLE = {Postech's System Description for Medical Text Translation Task}}
@INPROCEEDINGS{WMT14-035,
   AUTHOR = {Stanojevic, Milos and Sima'an, Khalil},
   SORTNAME = {Stanojevic, Milos and Sima'an, Khalil},
   TITLE = {BEER: BEtter Evaluation as Ranking}}
@INPROCEEDINGS{WMT14-036,
   AUTHOR = {Costa-jussà, Marta R. and Gupta, Parth and Rosso, Paolo and Banchs, Rafael E.},
   SORTNAME = {Costa-jussa, Marta R. and Gupta, Parth and Rosso, Paolo and Banchs, Rafael E.},
   TITLE = {English-to-Hindi system description for WMT 2014: Deep Source-Context Features for Moses}}
@INPROCEEDINGS{WMT14-004,
   AUTHOR = {Herrmann, Teresa and Mediani, Mohammed and Cho, Eunah and Ha, Thanh-Le and Niehues, Jan and Slawik, Isabel and Zhang, Yuqi and Waibel, Alex},
   SORTNAME = {Herrmann, Teresa and Mediani, Mohammed and Cho, Eunah and Ha, Thanh-Le and Niehues, Jan and Slawik, Isabel and Zhang, Yuqi and Waibel, Alex},
   TITLE = {The Karlsruhe Institute of Technology Translation Systems for the WMT 2014}}
@INPROCEEDINGS{WMT14-040,
   AUTHOR = {Pécheux, Nicolas and Gong, Li and Do, Quoc Khanh and Marie, Benjamin and Ivanishcheva, Yulia and Allauzen, Alexander and Lavergne, Thomas and Niehues, Jan and Max, Aurélien and Yvon, François},
   SORTNAME = {Pecheux, Nicolas and Gong, Li and Do, Quoc Khanh and Marie, Benjamin and Ivanishcheva, Yulia and Allauzen, Alexander and Lavergne, Thomas and Niehues, Jan and Max, Aurelien and Yvon, Francois},
   TITLE = {LIMSI @ WMT’14 Medical Translation Task}}
@INPROCEEDINGS{WMT14-041,
   AUTHOR = {Sakaguchi, Keisuke and Post, Matt and Van Durme, Benjamin},
   SORTNAME = {Sakaguchi, Keisuke and Post, Matt and Van Durme, Benjamin},
   TITLE = {Efficient Elicitation of Annotations for Human Evaluation of Machine Translation}}
@INPROCEEDINGS{WMT14-042,
   AUTHOR = {Durrani, Nadir and Haddow, Barry and Koehn, Philipp and Heafield, Kenneth},
   SORTNAME = {Durrani, Nadir and Haddow, Barry and Koehn, Philipp and Heafield, Kenneth},
   TITLE = {Edinburgh’s Phrase-based Machine Translation Systems for WMT-14}}
@INPROCEEDINGS{WMT14-043,
   AUTHOR = {Rubino, Raphael and Toral, Antonio and Sánchez-Cartagena, Víctor M. and Ferrández-Tordera, Jorge and Ortiz Rojas, Sergio and Ramírez-Sánchez, Gema and Sánchez-Martínez, Felipe and Way, Andy},
   SORTNAME = {Rubino, Raphael and Toral, Antonio and Sanchez-Cartagena, Victor M. and Ferrandez-Tordera, Jorge and Ortiz Rojas, Sergio and Ramirez-Sanchez, Gema and Sanchez-Martinez, Felipe and Way, Andy},
   TITLE = {Abu-MaTran at WMT 2014 Translation Task: Two-step Data Selection and RBMT-Style Synthetic Rules}}
@INPROCEEDINGS{WMT14-044,
   AUTHOR = {Mansour, Saab and Ney, Hermann},
   SORTNAME = {Mansour, Saab and Ney, Hermann},
   TITLE = {Unsupervised Adaptation for Statistical Machine Translation}}
@INPROCEEDINGS{WMT14-045,
   AUTHOR = {Green, Spence and Cer, Daniel and Manning, Christopher},
   SORTNAME = {Green, Spence and Cer, Daniel and Manning, Christopher},
   TITLE = {Phrasal: A Toolkit for New Directions in Statistical Machine Translation}}
@INPROCEEDINGS{WMT14-046,
   AUTHOR = {Green, Spence and Cer, Daniel and Manning, Christopher},
   SORTNAME = {Green, Spence and Cer, Daniel and Manning, Christopher},
   TITLE = {An Empirical Comparison of Features and Tuning for Phrase-based Machine Translation}}
@INPROCEEDINGS{WMT14-048,
   AUTHOR = {Irvine, Ann and Callison-Burch, Chris},
   SORTNAME = {Irvine, Ann and Callison-Burch, Chris},
   TITLE = {Using Comparable Corpora to Adapt MT Models to New Domains}}
@INPROCEEDINGS{WMT14-049,
   AUTHOR = {Hasler, Eva and Haddow, Barry and Koehn, Philipp},
   SORTNAME = {Hasler, Eva and Haddow, Barry and Koehn, Philipp},
   TITLE = {Dynamic Topic Adaptation for SMT using Distributional Profiles}}
@INPROCEEDINGS{WMT14-005,
   AUTHOR = {Peitz, Stephan and Wuebker, Joern and Freitag, Markus and Ney, Hermann},
   SORTNAME = {Peitz, Stephan and Wuebker, Joern and Freitag, Markus and Ney, Hermann},
   TITLE = {The RWTH Aachen German-English Machine Translation System for WMT 2014}}
@INPROCEEDINGS{WMT14-050,
   AUTHOR = {Okita, Tsuyoshi and Vahid, Ali and Way, Andy and Liu, Qun},
   SORTNAME = {Okita, Tsuyoshi and Vahid, Ali and Way, Andy and Liu, Qun},
   TITLE = {DCU Terminology Translation System for Medical Query Subtask at WMT14}}
@INPROCEEDINGS{WMT14-051,
   AUTHOR = {Echizen'ya, Hiroshi and Araki, Kenji and Hovy, Eduard},
   SORTNAME = {Echizen'ya, Hiroshi and Araki, Kenji and Hovy, Eduard},
   TITLE = {Application of Prize based on Sentence Length in Chunk-based Automatic Evaluation of Machine Translation}}
@INPROCEEDINGS{WMT14-052,
   AUTHOR = {Huck, Matthias and Hoang, Hieu and Koehn, Philipp},
   SORTNAME = {Huck, Matthias and Hoang, Hieu and Koehn, Philipp},
   TITLE = {Augmenting String-to-Tree and Tree-to-String Translation with Non-Syntactic Phrases}}
@INPROCEEDINGS{WMT14-053,
   AUTHOR = {Machacek, Matous and Bojar, Ondrej},
   SORTNAME = {Machacek, Matous and Bojar, Ondrej},
   TITLE = {Results of the WMT14 Metrics Shared Task}}
@INPROCEEDINGS{WMT14-055,
   AUTHOR = {Chen, Boxing and Cherry, Colin},
   SORTNAME = {Chen, Boxing and Cherry, Colin},
   TITLE = {A Systematic Comparison of Smoothing Techniques for Sentence-Level BLEU}}
@INPROCEEDINGS{WMT14-056,
   AUTHOR = {Bicici, Ergun and Liu, Qun and Way, Andy},
   SORTNAME = {Bicici, Ergun and Liu, Qun and Way, Andy},
   TITLE = {Parallel FDA5 for Fast Deployment of Accurate Statistical Machine Translation Systems}}
@INPROCEEDINGS{WMT14-058,
   AUTHOR = {Neidert, Julia and Schuster, Sebastian and Green, Spence and Heafield, Kenneth and Manning, Christopher},
   SORTNAME = {Neidert, Julia and Schuster, Sebastian and Green, Spence and Heafield, Kenneth and Manning, Christopher},
   TITLE = {Stanford University’s Submissions to the WMT 2014 Translation Task}}
@INPROCEEDINGS{WMT14-006,
   AUTHOR = {Ling, Wang and Marujo, Luis and Dyer, Chris and Black, Alan W and Trancoso, Isabel},
   SORTNAME = {Ling, Wang and Marujo, Luis and Dyer, Chris and Black, Alan W and Trancoso, Isabel},
   TITLE = {Crowdsourcing High-Quality Parallel Data Extraction from Twitter}}
@INPROCEEDINGS{WMT14-061,
   AUTHOR = {Beck, Daniel and Shah, Kashif and Specia, Lucia},
   SORTNAME = {Beck, Daniel and Shah, Kashif and Specia, Lucia},
   TITLE = {SHEF-Lite 2.0: Sparse Multi-task Gaussian Processes for Translation Quality Estimation}}
@INPROCEEDINGS{WMT14-062,
   AUTHOR = {Matthews, Austin and Ammar, Waleed and Bhatia, Archna and Feely, Weston and Hanneman, Greg and Schlinger, Eva and Swayamdipta, Swabha and Tsvetkov, Yulia and Lavie, Alon and Dyer, Chris},
   SORTNAME = {Matthews, Austin and Ammar, Waleed and Bhatia, Archna and Feely, Weston and Hanneman, Greg and Schlinger, Eva and Swayamdipta, Swabha and Tsvetkov, Yulia and Lavie, Alon and Dyer, Chris},
   TITLE = {The CMU Machine Translation Systems at WMT 2014}}
@INPROCEEDINGS{WMT14-063,
   AUTHOR = {Hardmeier, Christian and Stymne, Sara and Tiedemann, Jörg and Smith, Aaron and Nivre, Joakim},
   SORTNAME = {Hardmeier, Christian and Stymne, Sara and Tiedemann, Jorg and Smith, Aaron and Nivre, Joakim},
   TITLE = {Anaphora Models and Reordering for Phrase-Based SMT}}
@INPROCEEDINGS{WMT14-064,
   AUTHOR = {Libovický, Jindřich and Pecina, Pavel},
   SORTNAME = {Libovicky, Jindrich and Pecina, Pavel},
   TITLE = {Tolerant BLEU: a Submission to the WMT14 Metrics Task}}
@INPROCEEDINGS{WMT14-065,
   AUTHOR = {Camargo de Souza, José Guilherme and González-Rubio, Jesús and Buck, Christian and Turchi, Marco and Negri, Matteo},
   SORTNAME = {Camargo de Souza, Jose Guilherme and Gonzalez-Rubio, Jesus and Buck, Christian and Turchi, Marco and Negri, Matteo},
   TITLE = {FBK-UPV-UEdin participation in the WMT14 Quality Estimation shared-task}}
@INPROCEEDINGS{WMT14-066,
   AUTHOR = {Carpuat, Marine and Goutte, Cyril and Foster, George},
   SORTNAME = {Carpuat, Marine and Goutte, Cyril and Foster, George},
   TITLE = {Linear Mixture Models for Robust Machine Translation}}
@INPROCEEDINGS{WMT14-067,
   AUTHOR = {Dušek, Ondřej and Hajič, Jan and Hlaváčová, Jaroslava and Novák, Michal and Pecina, Pavel and Rosa, Rudolf and Tamchyna, Aleš and Urešová, Zdeňka and Zeman, Daniel},
   SORTNAME = {Dusek, Ondrej and Hajic, Jan and Hlavacova, Jaroslava and Novak, Michal and Pecina, Pavel and Rosa, Rudolf and Tamchyna, Ales and Uresova, Zdenka and Zeman, Daniel},
   TITLE = {Machine Translation of Medical Texts in the Khresmoi Project}}
@INPROCEEDINGS{WMT14-068,
   AUTHOR = {Cap, Fabienne and Weller, Marion and Ramm, Anita and Fraser, Alexander},
   SORTNAME = {Cap, Fabienne and Weller, Marion and Ramm, Anita and Fraser, Alexander},
   TITLE = {CimS – The CIS and IMS joint submission to WMT 2014 translating from English into German}}
@INPROCEEDINGS{WMT14-069,
   AUTHOR = {Quernheim, Daniel and Cap, Fabienne},
   SORTNAME = {Quernheim, Daniel and Cap, Fabienne},
   TITLE = {Large-scale Exact Decoding: The IMS-TTT submission to WMT14}}
@INPROCEEDINGS{WMT14-007,
   AUTHOR = {Denkowski, Michael and Lavie, Alon},
   SORTNAME = {Denkowski, Michael and Lavie, Alon},
   TITLE = {Meteor Universal: Language Specific Translation Evaluation for Any Target Language}}
@INPROCEEDINGS{WMT14-070,
   AUTHOR = {Tamchyna, Aleš and Popel, Martin and Rosa, Rudolf and Bojar, Ondrej},
   SORTNAME = {Tamchyna, Ales and Popel, Martin and Rosa, Rudolf and Bojar, Ondrej},
   TITLE = {CUNI in WMT14: Chimera Still Awaits Bellerophon}}
@INPROCEEDINGS{WMT14-072,
   AUTHOR = {Williams, Philip and Sennrich, Rico and Nadejde, Maria and Huck, Matthias and Hasler, Eva and Koehn, Philipp},
   SORTNAME = {Williams, Philip and Sennrich, Rico and Nadejde, Maria and Huck, Matthias and Hasler, Eva and Koehn, Philipp},
   TITLE = {Edinburgh’s Syntax-Based Systems at WMT 2014}}
@INPROCEEDINGS{WMT14-073,
   AUTHOR = {Luong, Ngoc Quang and Besacier, Laurent and Lecouteux, Benjamin},
   SORTNAME = {Luong, Ngoc Quang and Besacier, Laurent and Lecouteux, Benjamin},
   TITLE = {LIG System for Word Level QE task at WMT14}}
@INPROCEEDINGS{WMT14-074,
   AUTHOR = {Gonzàlez, Meritxell and Barrón-Cedeño, Alberto and Màrquez, Lluís},
   SORTNAME = {Gonzalez, Meritxell and Barron-Cedeno, Alberto and Marquez, Lluis},
   TITLE = {IPA and STOUT: Leveraging Linguistic and Source-based Features for Machine Translation Evaluation}}
@INPROCEEDINGS{WMT14-075,
   AUTHOR = {Joty, Shafiq and Guzmán, Francisco and Màrquez, Lluís and Nakov, Preslav},
   SORTNAME = {Joty, Shafiq and Guzman, Francisco and Marquez, Lluis and Nakov, Preslav},
   TITLE = {DiscoTK: Using Discourse Structure for Machine Translation Evaluation}}
@INPROCEEDINGS{WMT14-077,
   AUTHOR = {Hokamp, Chris and Calixto, Iacer and Wagner, Joachim and Zhang, Jian},
   SORTNAME = {Hokamp, Chris and Calixto, Iacer and Wagner, Joachim and Zhang, Jian},
   TITLE = {Target-Centric Features for Translation Quality Estimation}}
@INPROCEEDINGS{WMT14-078,
   AUTHOR = {Avramidis, Eleftherios},
   SORTNAME = {Avramidis, Eleftherios},
   TITLE = {Efforts on Machine Learning over Human-mediated Translation Edit Rate}}
@INPROCEEDINGS{WMT14-079,
   AUTHOR = {Wu, Xiaofeng and Haque, Rejwanul and Okita, Tsuyoshi and Arora, Piyush and Way, Andy and Liu, Qun},
   SORTNAME = {Wu, Xiaofeng and Haque, Rejwanul and Okita, Tsuyoshi and Arora, Piyush and Way, Andy and Liu, Qun},
   TITLE = {DCU-Lingo24 Participation in WMT 2014 Hindi-English Translation task}}
@INPROCEEDINGS{WMT14-008,
   AUTHOR = {Graham, Yvette and Mathur, Nitika and Baldwin, Timothy},
   SORTNAME = {Graham, Yvette and Mathur, Nitika and Baldwin, Timothy},
   TITLE = {Randomized Significance Tests in Machine Translation}}
@INPROCEEDINGS{WMT14-080,
   AUTHOR = {Wu, Xiaofeng and Yu, Hui and Liu, Qun},
   SORTNAME = {Wu, Xiaofeng and Yu, Hui and Liu, Qun},
   TITLE = {RED, The DCU-CASICT Submission of Metrics Tasks}}
@INPROCEEDINGS{WMT14-081,
   AUTHOR = {Bicici, Ergun and Way, Andy},
   SORTNAME = {Bicici, Ergun and Way, Andy},
   TITLE = {Referential Translation Machines for Predicting Translation Quality}}
@INPROCEEDINGS{WMT14-082,
   AUTHOR = {Bojar, Ondrej and Buck, Christian and Federmann, Christian and Haddow, Barry and Koehn, Philipp and Leveling, Johannes and Monz, Christof and Pecina, Pavel and Post, Matt and Saint-Amand, Herve and Soricut, Radu and Specia, Lucia and Tamchyna, Aleš},
   SORTNAME = {Bojar, Ondrej and Buck, Christian and Federmann, Christian and Haddow, Barry and Koehn, Philipp and Leveling, Johannes and Monz, Christof and Pecina, Pavel and Post, Matt and Saint-Amand, Herve and Soricut, Radu and Specia, Lucia and Tamchyna, Ales},
   TITLE = {Findings of the 2014 Workshop on Statistical Machine Translation}}
@INPROCEEDINGS{WMT14-009,
   AUTHOR = {Gautam, Shubham and Bhattacharyya, Pushpak},
   SORTNAME = {Gautam, Shubham and Bhattacharyya, Pushpak},
   TITLE = {LAYERED: Metric for Machine Translation Evaluation}}
