@INPROCEEDINGS{tutorial-020,
   AUTHOR = {Anderson, Peter and Das, Abhishek and Wu, Qi},
   SORTNAME = {Anderson, Peter and Das, Abhishek and Wu, Qi},
   TITLE = {Connecting Language and Vision to Actions}}
@INPROCEEDINGS{tutorial-027,
   AUTHOR = {Aziz, Wilker and Schulz, Philip},
   SORTNAME = {Aziz, Wilker and Schulz, Philip},
   TITLE = {Variational Inference and Deep Generative Models}}
@INPROCEEDINGS{tutorial-028,
   AUTHOR = {Zettlemoyer, Luke and Gardner, Matt and Dasigi, Pradeep and Iyer, Srinivasan and Suhr, Alane},
   SORTNAME = {Zettlemoyer, Luke and Gardner, Matt and Dasigi, Pradeep and Iyer, Srinivasan and Suhr, Alane},
   TITLE = {Neural Semantic Parsing}}
@INPROCEEDINGS{tutorial-026,
   AUTHOR = {Gao, Jianfeng and Galley, Michel and Li, Lihong},
   SORTNAME = {Gao, Jianfeng and Galley, Michel and Li, Lihong},
   TITLE = {Neural Approaches to Conversational AI}}
@INPROCEEDINGS{tutorial-039,
   AUTHOR = {Wang, William Yang and Li, Jiwei and He, Xiaodong},
   SORTNAME = {Wang, William Yang and Li, Jiwei and He, Xiaodong},
   TITLE = {Deep Reinforcement Learning for NLP}}
@INPROCEEDINGS{tutorial-024,
   AUTHOR = {Sil, Avi and Ji, Heng and Roth, Dan and Cucerzan, Silviu-Petru},
   SORTNAME = {Sil, Avi and Ji, Heng and Roth, Dan and Cucerzan, Silviu-Petru},
   TITLE = {Multi-lingual Entity Discovery and Linking}}
@INPROCEEDINGS{tutorial-012,
   AUTHOR = {Bender, Emily M.},
   SORTNAME = {Bender, Emily M.},
   TITLE = {100 Things You Always Wanted to Know about Semantics \& Pragmatics But Were Afraid to Ask}}
@INPROCEEDINGS{tutorial-025,
   AUTHOR = {Kordoni, Valia},
   SORTNAME = {Kordoni, Valia},
   TITLE = {Beyond Multiword Expressions: Processing Idioms and Metaphors}}
