@INPROCEEDINGS{iwpt-032,
   AUTHOR = {He, Han and Choi, Jinho D.},
   SORTNAME = {He, Han and Choi, Jinho D.},
   TITLE = {Adaptation of Multilingual Transformer Encoder for Robust Enhanced Universal Dependency Parsing}}
@INPROCEEDINGS{iwpt-035,
   AUTHOR = {Barry, James and Wagner, Joachim and Foster, Jennifer},
   SORTNAME = {Barry, James and Wagner, Joachim and Foster, Jennifer},
   TITLE = {The ADAPT Enhanced Dependency Parser at the IWPT 2020 Shared Task}}
@INPROCEEDINGS{iwpt-033,
   AUTHOR = {Attardi, Giuseppe and Sartiano, Daniele and Simi, Maria},
   SORTNAME = {Attardi, Giuseppe and Sartiano, Daniele and Simi, Maria},
   TITLE = {Linear Neural Parsing and Hybrid Enhancement for Enhanced Universal Dependencies}}
@INPROCEEDINGS{iwpt-018,
   AUTHOR = {Balkir, Esma and Gildea, Daniel and Cohen, Shay B.},
   SORTNAME = {Balkir, Esma and Gildea, Daniel and Cohen, Shay B.},
   TITLE = {Tensors over Semirings for Latent-Variable Weighted Logic Programs}}
@INPROCEEDINGS{iwpt-027,
   AUTHOR = {Hershcovich, Daniel and de Lhoneux, Miryam and Kulmizev, Artur and Pejhan, Elham and Nivre, Joakim},
   SORTNAME = {Hershcovich, Daniel and de Lhoneux, Miryam and Kulmizev, Artur and Pejhan, Elham and Nivre, Joakim},
   TITLE = {Køpsala: Transition-Based Graph Parsing via Efficient Training and Effective Encoding}}
@INPROCEEDINGS{iwpt-009,
   AUTHOR = {Jin, Lifeng and Schuler, William},
   SORTNAME = {Jin, Lifeng and Schuler, William},
   TITLE = {Memory-bounded Neural Incremental Parsing for Psycholinguistic Prediction}}
@INPROCEEDINGS{iwpt-007,
   AUTHOR = {Jin, Lifeng and Schuler, William},
   SORTNAME = {Jin, Lifeng and Schuler, William},
   TITLE = {The Importance of Category Labels in Grammar Induction with Child-directed Utterances}}
@INPROCEEDINGS{iwpt-029,
   AUTHOR = {Kanerva, Jenna and Ginter, Filip and Pyysalo, Sampo},
   SORTNAME = {Kanerva, Jenna and Ginter, Filip and Pyysalo, Sampo},
   TITLE = {Turku Enhanced Parser Pipeline: From Raw Text to Enhanced Graphs in the IWPT 2020 Shared Task}}
@INPROCEEDINGS{iwpt-006,
   AUTHOR = {Falenska, Agnieszka and Björkelund, Anders and Kuhn, Jonas},
   SORTNAME = {Falenska, Agnieszka and Bjorkelund, Anders and Kuhn, Jonas},
   TITLE = {Integrating Graph-Based and Transition-Based Dependency Parsers in the Deep Contextualized Era}}
@INPROCEEDINGS{iwpt-028,
   AUTHOR = {Grünewald, Stefan and Friedrich, Annemarie},
   SORTNAME = {Grunewald, Stefan and Friedrich, Annemarie},
   TITLE = {RobertNLP at the IWPT 2020 Shared Task: Surprisingly Simple Enhanced UD Parsing for English}}
@INPROCEEDINGS{iwpt-010,
   AUTHOR = {Chiruzzo, Luis and Wonsever, Dina},
   SORTNAME = {Chiruzzo, Luis and Wonsever, Dina},
   TITLE = {Statistical Deep Parsing for Spanish Using Neural Networks}}
@INPROCEEDINGS{iwpt-019,
   AUTHOR = {Mohananey, Anhad and Kann, Katharina and Bowman, Samuel R.},
   SORTNAME = {Mohananey, Anhad and Kann, Katharina and Bowman, Samuel R.},
   TITLE = {Self-Training for Unsupervised Parsing with PRPN}}
@INPROCEEDINGS{iwpt-026,
   AUTHOR = {Wang, Xinyu and Jiang, Yong and Tu, Kewei},
   SORTNAME = {Wang, Xinyu and Jiang, Yong and Tu, Kewei},
   TITLE = {Enhanced Universal Dependency Parsing with Second-Order Inference and Mixture of Training Data}}
@INPROCEEDINGS{iwpt-008,
   AUTHOR = {Mörbitz, Richard and Ruprecht, Thomas},
   SORTNAME = {Morbitz, Richard and Ruprecht, Thomas},
   TITLE = {Lexicalization of Probabilistic Linear Context-free Rewriting Systems}}
@INPROCEEDINGS{iwpt-036,
   AUTHOR = {Bouma, Gosse and Seddah, Djamé and Zeman, Daniel},
   SORTNAME = {Bouma, Gosse and Seddah, Djame and Zeman, Daniel},
   TITLE = {Overview of the IWPT 2020 Shared Task on Parsing into Enhanced Universal Dependencies}}
@INPROCEEDINGS{iwpt-031,
   AUTHOR = {Heinecke, Johannes},
   SORTNAME = {Heinecke, Johannes},
   TITLE = {Hybrid Enhanced Universal Dependencies Parsing}}
@INPROCEEDINGS{iwpt-030,
   AUTHOR = {Ek, Adam and Bernardy, Jean-Philippe},
   SORTNAME = {Ek, Adam and Bernardy, Jean-Philippe},
   TITLE = {How Much of Enhanced UD Is Contained in UD?}}
@INPROCEEDINGS{iwpt-037,
   AUTHOR = {Merlo, Paola},
   SORTNAME = {Merlo, Paola},
   TITLE = {Syntactic Parsing in Humans and Machines}}
@INPROCEEDINGS{iwpt-024,
   AUTHOR = {Oh, Tae Hwan and Han, Ji Yoon and Choe, Hyonsu and Park, Seokwon and He, Han and Choi, Jinho D. and Han, Na-Rae and Hwang, Jena D. and Kim, Hansaem},
   SORTNAME = {Oh, Tae Hwan and Han, Ji Yoon and Choe, Hyonsu and Park, Seokwon and He, Han and Choi, Jinho D. and Han, Na-Rae and Hwang, Jena D. and Kim, Hansaem},
   TITLE = {Analysis of the Penn Korean Universal Dependency Treebank (PKT-UD): Manual Revision to Build Robust Parsing Model in Korean}}
@INPROCEEDINGS{iwpt-004,
   AUTHOR = {Zhang, Xiao and Goldwasser, Dan},
   SORTNAME = {Zhang, Xiao and Goldwasser, Dan},
   TITLE = {Semi-supervised Parsing with a Variational Autoencoding Parser}}
@INPROCEEDINGS{iwpt-015,
   AUTHOR = {Gebhardt, Kilian},
   SORTNAME = {Gebhardt, Kilian},
   TITLE = {Advances in Using Grammars with Latent Annotations for Discontinuous Parsing}}
@INPROCEEDINGS{iwpt-002,
   AUTHOR = {Kurtz, Robin and Oepen, Stephan and Kuhlmann, Marco},
   SORTNAME = {Kurtz, Robin and Oepen, Stephan and Kuhlmann, Marco},
   TITLE = {End-to-End Negation Resolution as Graph Parsing}}
@INPROCEEDINGS{iwpt-013,
   AUTHOR = {Hu, Zhifeng and Havrylov, Serhii and Titov, Ivan and Cohen, Shay B.},
   SORTNAME = {Hu, Zhifeng and Havrylov, Serhii and Titov, Ivan and Cohen, Shay B.},
   TITLE = {Obfuscation for Privacy-preserving Syntactic Parsing}}
@INPROCEEDINGS{iwpt-005,
   AUTHOR = {Anderson, Mark and Gómez-Rodríguez, Carlos},
   SORTNAME = {Anderson, Mark and Gomez-Rodriguez, Carlos},
   TITLE = {Distilling Neural Networks for Greener and Faster Dependency Parsing}}
@INPROCEEDINGS{iwpt-014,
   AUTHOR = {Stanojević, Miloš and Steedman, Mark},
   SORTNAME = {Stanojevic, Milos and Steedman, Mark},
   TITLE = {Span-Based LCFRS-2 Parsing}}
@INPROCEEDINGS{iwpt-025,
   AUTHOR = {Dehouck, Mathieu and Anderson, Mark and Gómez-Rodríguez, Carlos},
   SORTNAME = {Dehouck, Mathieu and Anderson, Mark and Gomez-Rodriguez, Carlos},
   TITLE = {Efficient EUD Parsing}}
