@INPROCEEDINGS{SocialNLP-018,
   AUTHOR = {Moon, Jihyung and Cho, Won Ik and Lee, Junbum},
   SORTNAME = {Moon, Jihyung and Cho, Won Ik and Lee, Junbum},
   TITLE = {BEEP! Korean Corpus of Online News Comments for Toxic Speech Detection}}
@INPROCEEDINGS{SocialNLP-007,
   AUTHOR = {Hosseinia, Marjan and Dragut, Eduard and Mukherjee, Arjun},
   SORTNAME = {Hosseinia, Marjan and Dragut, Eduard and Mukherjee, Arjun},
   TITLE = {Stance Prediction for Contemporary Issues: Data and Experiments}}
@INPROCEEDINGS{SocialNLP-006,
   AUTHOR = {Kameswari, Lalitha and Sravani, Dama and Mamidi, Radhika},
   SORTNAME = {Kameswari, Lalitha and Sravani, Dama and Mamidi, Radhika},
   TITLE = {Enhancing Bias Detection in Political News Using Pragmatic Presupposition}}
@INPROCEEDINGS{SocialNLP-001,
   AUTHOR = {Helbig, David and Troiano, Enrica and Klinger, Roman},
   SORTNAME = {Helbig, David and Troiano, Enrica and Klinger, Roman},
   TITLE = {Challenges in Emotion Style Transfer: An Exploration with a Lexical Substitution Pipeline}}
@INPROCEEDINGS{SocialNLP-019,
   AUTHOR = {Hiware, Kaustubh and Dutt, Ritam and Sinha, Sayan and Patro, Sohan and Ghosh, Kripa and Ghosh, Saptarshi},
   SORTNAME = {Hiware, Kaustubh and Dutt, Ritam and Sinha, Sayan and Patro, Sohan and Ghosh, Kripa and Ghosh, Saptarshi},
   TITLE = {NARMADA: Need and Available Resource Managing Assistant for Disasters and Adversities}}
@INPROCEEDINGS{SocialNLP-015,
   AUTHOR = {Meftah, Sara and Semmar, Nasredine and Tahiri, Mohamed-Ayoub and Tamaazousti, Youssef and Essafi, Hassane and Sadat, Fatiha},
   SORTNAME = {Meftah, Sara and Semmar, Nasredine and Tahiri, Mohamed-Ayoub and Tamaazousti, Youssef and Essafi, Hassane and Sadat, Fatiha},
   TITLE = {Multi-Task Supervised Pretraining for Neural Domain Adaptation}}
@INPROCEEDINGS{SocialNLP-002,
   AUTHOR = {Jia, Shengbin and Ding, Ling and Chen, Xiaojun and E, Shijia and Xiang, Yang},
   SORTNAME = {Jia, Shengbin and Ding, Ling and Chen, Xiaojun and E, Shijia and Xiang, Yang},
   TITLE = {Incorporating Uncertain Segmentation Information into Chinese NER for Social Media Text}}
@INPROCEEDINGS{SocialNLP-013,
   AUTHOR = {Xia, Mengzhou and Field, Anjalie and Tsvetkov, Yulia},
   SORTNAME = {Xia, Mengzhou and Field, Anjalie and Tsvetkov, Yulia},
   TITLE = {Demoting Racial Bias in Hate Speech Detection}}
