@INPROCEEDINGS{ecnlp-018,
   AUTHOR = {Ashok, Aishwarya and Natarajan, Ganapathy and Elmasri, Ramez and Smith-Stvan, Laurel},
   SORTNAME = {Ashok, Aishwarya and Natarajan, Ganapathy and Elmasri, Ramez and Smith-Stvan, Laurel},
   TITLE = {Simster{Q}: {A} Similarity based Clustering Approach to Opinion Question Answering}}
@INPROCEEDINGS{ecnlp-009,
   AUTHOR = {Roy, Kalyani and Shah, Smit and Pai, Nithish and Ramtej, Jaidam and Nadkarni, Prajit and Banerjee, Jyotirmoy and Goyal, Pawan and Kumar, Surender},
   SORTNAME = {Roy, Kalyani and Shah, Smit and Pai, Nithish and Ramtej, Jaidam and Nadkarni, Prajit and Banerjee, Jyotirmoy and Goyal, Pawan and Kumar, Surender},
   TITLE = {Using Large Pretrained Language Models for Answering User Queries from Product Specifications}}
@INPROCEEDINGS{ecnlp-016,
   AUTHOR = {Sharma, Arpit},
   SORTNAME = {Sharma, Arpit},
   TITLE = {Improving Intent Classification in an E-commerce Voice Assistant by Using Inter-Utterance Context}}
@INPROCEEDINGS{ecnlp-006,
   AUTHOR = {Tagliabue, Jacopo and Yu, Bingqing and Beaulieu, Marie},
   SORTNAME = {Tagliabue, Jacopo and Yu, Bingqing and Beaulieu, Marie},
   TITLE = {How to Grow a (Product) Tree: Personalized Category Suggestions for eCommerce Type-Ahead}}
@INPROCEEDINGS{ecnlp-017,
   AUTHOR = {Wang, Tian and Fu, Yuyangzi},
   SORTNAME = {Wang, Tian and Fu, Yuyangzi},
   TITLE = {Item-based Collaborative Filtering with BERT}}
@INPROCEEDINGS{ecnlp-008,
   AUTHOR = {Jia, Yanan},
   SORTNAME = {Jia, Yanan},
   TITLE = {A Deep Learning System for Sentiment Analysis of Service Calls}}
@INPROCEEDINGS{ecnlp-021,
   AUTHOR = {Taylor, Stacey and Keselj, Vlado},
   SORTNAME = {Taylor, Stacey and Keselj, Vlado},
   TITLE = {e-Commerce and Sentiment Analysis: Predicting Outcomes of Class Action Lawsuits}}
@INPROCEEDINGS{ecnlp-015,
   AUTHOR = {Gautam, Akash and Mahata, Debanjan and Gosangi, Rakesh and Shah, Rajiv Ratn},
   SORTNAME = {Gautam, Akash and Mahata, Debanjan and Gosangi, Rakesh and Shah, Rajiv Ratn},
   TITLE = {Semi-Supervised Iterative Approach for Domain-Specific Complaint Detection in Social Media}}
@INPROCEEDINGS{ecnlp-003,
   AUTHOR = {Guo, Mingming and Yan, Nian and Cui, Xiquan and Wu, San He and Ahsan, Unaiza and West, Rebecca and Al Jadda, Khalifeh},
   SORTNAME = {Guo, Mingming and Yan, Nian and Cui, Xiquan and Wu, San He and Ahsan, Unaiza and West, Rebecca and Al Jadda, Khalifeh},
   TITLE = {Deep Learning-based Online Alternative Product Recommendations at Scale}}
@INPROCEEDINGS{ecnlp-012,
   AUTHOR = {Gupta, Shashank},
   SORTNAME = {Gupta, Shashank},
   TITLE = {On Application of Bayesian Parametric and Non-parametric Methods for User Cohorting in Product Search}}
@INPROCEEDINGS{ecnlp-002,
   AUTHOR = {Zhang, Hanchu and Hennig, Leonhard and Alt, Christoph and Hu, Changjian and Meng, Yao and Wang, Chao},
   SORTNAME = {Zhang, Hanchu and Hennig, Leonhard and Alt, Christoph and Hu, Changjian and Meng, Yao and Wang, Chao},
   TITLE = {Bootstrapping Named Entity Recognition in E-Commerce with Positive Unlabeled Learning}}
@INPROCEEDINGS{ecnlp-013,
   AUTHOR = {Gao, Dehong},
   SORTNAME = {Gao, Dehong},
   TITLE = {Deep Hierarchical Classification for Category Prediction in E-commerce System}}
@INPROCEEDINGS{ecnlp-005,
   AUTHOR = {Sun, Meng and Leo, Marie Stephen and Munawwar, Eram and Condylis, Paul C. and Kong, Sheng-yi and Lee, Seong Per and Hidayat, Albert and Kerianto, Muhamad Danang},
   SORTNAME = {Sun, Meng and Leo, Marie Stephen and Munawwar, Eram and Condylis, Paul C. and Kong, Sheng-yi and Lee, Seong Per and Hidayat, Albert and Kerianto, Muhamad Danang},
   TITLE = {Semi-supervised Category-specific Review Tagging on Indonesian E-Commerce Product Reviews}}
