@INPROCEEDINGS{CMCL-012,
   AUTHOR = {Shvartsman, Michael and Lewis, Richard and Singh, Satinder},
   SORTNAME = {Shvartsman, Michael and Lewis, Richard and Singh, Satinder},
   TITLE = {Computationally Rational Saccadic Control: An Explanation of Spillover Effects Based on Sampling from Noisy Perception and Memory}}
@INPROCEEDINGS{CMCL-013,
   AUTHOR = {Beekhuizen, Barend and Bod, Rens and Fazly, Afsaneh and Stevenson, Suzanne and Verhagen, Arie},
   SORTNAME = {Beekhuizen, Barend and Bod, Rens and Fazly, Afsaneh and Stevenson, Suzanne and Verhagen, Arie},
   TITLE = {A Usage-Based Model of Early Grammatical Development}}
@INPROCEEDINGS{CMCL-014,
   AUTHOR = {Graf, Thomas and Marcinek, Bradley},
   SORTNAME = {Graf, Thomas and Marcinek, Bradley},
   TITLE = {Evaluating Evaluation Metrics for Minimalist Parsing}}
@INPROCEEDINGS{CMCL-015,
   AUTHOR = {Linzen, Tal and Jaeger, Florian},
   SORTNAME = {Linzen, Tal and Jaeger, Florian},
   TITLE = {Investigating the role of entropy in sentence processing}}
@INPROCEEDINGS{CMCL-017,
   AUTHOR = {Wang, Yafei and Reitter, David and Yen, John},
   SORTNAME = {Wang, Yafei and Reitter, David and Yen, John},
   TITLE = {A Model to Qualify the Linguistic Adaptation Phenomenon in Online Conversation Threads: Analyzing Priming Effect in Online Health Community}}
@INPROCEEDINGS{CMCL-018,
   AUTHOR = {Barak, Libby and Fazly, Afsaneh and Stevenson, Suzanne},
   SORTNAME = {Barak, Libby and Fazly, Afsaneh and Stevenson, Suzanne},
   TITLE = {Learning Verb Classes in an Incremental Model}}
@INPROCEEDINGS{CMCL-019,
   AUTHOR = {Orita, Naho and Feldman, Naomi and Boyd-Graber, Jordan and Vornov, Eliana},
   SORTNAME = {Orita, Naho and Feldman, Naomi and Boyd-Graber, Jordan and Vornov, Eliana},
   TITLE = {Quantifying the role of discourse topicality in speakersâ€™ choices of referring expressions}}
@INPROCEEDINGS{CMCL-006,
   AUTHOR = {Schuler, William},
   SORTNAME = {Schuler, William},
   TITLE = {Sentence Processing in a Vectorial Model of Working Memory}}
