@article{tacl-2013-transactions,
    title = "Transactions of the Association for Computational Linguistics, Volume 1",
    journal = "Transactions of the Association for Computational Linguistics",
    volume = "1",
    year = "2013",
}
@article{tackstrom-etal-2013-token,
    title = "Token and Type Constraints for Cross-Lingual Part-of-Speech Tagging",
    author = {T{\"a}ckstr{\"o}m, Oscar  and
      Das, Dipanjan  and
      Petrov, Slav  and
      McDonald, Ryan  and
      Nivre, Joakim},
    journal = "Transactions of the Association for Computational Linguistics",
    volume = "1",
    year = "2013",
    url = "https://www.aclweb.org/anthology/Q13-1001",
    doi = "10.1162/tacl_a_00205",
    pages = "1--12",
}
@article{pitler-etal-2013-finding,
    title = "Finding Optimal 1-Endpoint-Crossing Trees",
    author = "Pitler, Emily  and
      Kannan, Sampath  and
      Marcus, Mitchell",
    journal = "Transactions of the Association for Computational Linguistics",
    volume = "1",
    year = "2013",
    url = "https://www.aclweb.org/anthology/Q13-1002",
    doi = "10.1162/tacl_a_00206",
    pages = "13--24",
}
@article{regneri-etal-2013-grounding,
    title = "Grounding Action Descriptions in Videos",
    author = "Regneri, Michaela  and
      Rohrbach, Marcus  and
      Wetzel, Dominikus  and
      Thater, Stefan  and
      Schiele, Bernt  and
      Pinkal, Manfred",
    journal = "Transactions of the Association for Computational Linguistics",
    volume = "1",
    year = "2013",
    url = "https://www.aclweb.org/anthology/Q13-1003",
    doi = "10.1162/tacl_a_00207",
    pages = "25--36",
}
@article{qian-liu-2013-branch,
    title = "Branch and Bound Algorithm for Dependency Parsing with Non-local Features",
    author = "Qian, Xian  and
      Liu, Yang",
    journal = "Transactions of the Association for Computational Linguistics",
    volume = "1",
    year = "2013",
    url = "https://www.aclweb.org/anthology/Q13-1004",
    doi = "10.1162/tacl_a_00208",
    pages = "37--48",
}
@article{artzi-zettlemoyer-2013-weakly,
    title = "Weakly Supervised Learning of Semantic Parsers for Mapping Instructions to Actions",
    author = "Artzi, Yoav  and
      Zettlemoyer, Luke",
    journal = "Transactions of the Association for Computational Linguistics",
    volume = "1",
    year = "2013",
    url = "https://www.aclweb.org/anthology/Q13-1005",
    doi = "10.1162/tacl_a_00209",
    pages = "49--62",
}
@article{pate-goldwater-2013-unsupervised,
    title = "Unsupervised Dependency Parsing with Acoustic Cues",
    author = "Pate, John K  and
      Goldwater, Sharon",
    journal = "Transactions of the Association for Computational Linguistics",
    volume = "1",
    year = "2013",
    url = "https://www.aclweb.org/anthology/Q13-1006",
    doi = "10.1162/tacl_a_00210",
    pages = "63--74",
}
@article{bisk-hockenmaier-2013-hdp,
    title = "An {HDP} Model for Inducing Combinatory Categorial Grammars",
    author = "Bisk, Yonatan  and
      Hockenmaier, Julia",
    journal = "Transactions of the Association for Computational Linguistics",
    volume = "1",
    year = "2013",
    url = "https://www.aclweb.org/anthology/Q13-1007",
    doi = "10.1162/tacl_a_00211",
    pages = "75--88",
}
@article{li-li-2013-novel,
    title = "A Novel Feature-based {B}ayesian Model for Query Focused Multi-document Summarization",
    author = "Li, Jiwei  and
      Li, Sujian",
    journal = "Transactions of the Association for Computational Linguistics",
    volume = "1",
    year = "2013",
    url = "https://www.aclweb.org/anthology/Q13-1008",
    doi = "10.1162/tacl_a_00212",
    pages = "89--98",
}
@article{beigman-klebanov-etal-2013-using,
    title = "Using Pivot-Based Paraphrasing and Sentiment Profiles to Improve a Subjectivity Lexicon for Essay Data",
    author = "Beigman Klebanov, Beata  and
      Madnani, Nitin  and
      Burstein, Jill",
    journal = "Transactions of the Association for Computational Linguistics",
    volume = "1",
    year = "2013",
    url = "https://www.aclweb.org/anthology/Q13-1009",
    doi = "10.1162/tacl_a_00213",
    pages = "99--110",
}
@article{sangati-keller-2013-incremental,
    title = "Incremental Tree Substitution Grammar for Parsing and Sentence Prediction",
    author = "Sangati, Federico  and
      Keller, Frank",
    journal = "Transactions of the Association for Computational Linguistics",
    volume = "1",
    year = "2013",
    url = "https://www.aclweb.org/anthology/Q13-1010",
    doi = "10.1162/tacl_a_00214",
    pages = "111--124",
}
@article{sahakian-snyder-2013-modeling,
    title = "Modeling Child Divergences from Adult Grammar",
    author = "Sahakian, Sam  and
      Snyder, Benjamin",
    journal = "Transactions of the Association for Computational Linguistics",
    volume = "1",
    year = "2013",
    url = "https://www.aclweb.org/anthology/Q13-1011",
    doi = "10.1162/tacl_a_00215",
    pages = "125--138",
}
@article{hayashi-etal-2013-efficient,
    title = "Efficient Stacked Dependency Parsing by Forest Reranking",
    author = "Hayashi, Katsuhiko  and
      Kondo, Shuhei  and
      Matsumoto, Yuji",
    journal = "Transactions of the Association for Computational Linguistics",
    volume = "1",
    year = "2013",
    url = "https://www.aclweb.org/anthology/Q13-1012",
    doi = "10.1162/tacl_a_00216",
    pages = "139--150",
}
@article{matuschek-gurevych-2013-dijkstra,
    title = "Dijkstra-{WSA}: A Graph-Based Approach to Word Sense Alignment",
    author = "Matuschek, Michael  and
      Gurevych, Iryna",
    journal = "Transactions of the Association for Computational Linguistics",
    volume = "1",
    year = "2013",
    url = "https://www.aclweb.org/anthology/Q13-1013",
    doi = "10.1162/tacl_a_00217",
    pages = "151--164",
}
@article{lopez-etal-2013-learning,
    title = "Learning to translate with products of novices: a suite of open-ended challenge problems for teaching {MT}",
    author = "Lopez, Adam  and
      Post, Matt  and
      Callison-Burch, Chris  and
      Weese, Jonathan  and
      Ganitkevitch, Juri  and
      Ahmidi, Narges  and
      Buzek, Olivia  and
      Hanson, Leah  and
      Jamil, Beenish  and
      Lee, Matthias  and
      Lin, Ya-Ting  and
      Pao, Henry  and
      Rivera, Fatima  and
      Shahriyari, Leili  and
      Sinha, Debu  and
      Teichert, Adam  and
      Wampler, Stephen  and
      Weinberger, Michael  and
      Xu, Daguang  and
      Yang, Lin  and
      Zhao, Shang",
    journal = "Transactions of the Association for Computational Linguistics",
    volume = "1",
    year = "2013",
    url = "https://www.aclweb.org/anthology/Q13-1014",
    doi = "10.1162/tacl_a_00218",
    pages = "165--178",
}
@article{lewis-steedman-2013-combined,
    title = "Combined Distributional and Logical Semantics",
    author = "Lewis, Mike  and
      Steedman, Mark",
    journal = "Transactions of the Association for Computational Linguistics",
    volume = "1",
    year = "2013",
    url = "https://www.aclweb.org/anthology/Q13-1015",
    doi = "10.1162/tacl_a_00219",
    pages = "179--192",
}
@article{krishnamurthy-kollar-2013-jointly,
    title = "Jointly Learning to Parse and Perceive: Connecting Natural Language to the Physical World",
    author = "Krishnamurthy, Jayant  and
      Kollar, Thomas",
    journal = "Transactions of the Association for Computational Linguistics",
    volume = "1",
    year = "2013",
    url = "https://www.aclweb.org/anthology/Q13-1016",
    doi = "10.1162/tacl_a_00220",
    pages = "193--206",
}
@article{chang-yih-2013-dual,
    title = "Dual Coordinate Descent Algorithms for Efficient Large Margin Structured Prediction",
    author = "Chang, Ming-Wei  and
      Yih, Wen-tau",
    journal = "Transactions of the Association for Computational Linguistics",
    volume = "1",
    year = "2013",
    url = "https://www.aclweb.org/anthology/Q13-1017",
    doi = "10.1162/tacl_a_00221",
    pages = "207--218",
}
@article{lluis-etal-2013-joint,
    title = "Joint Arc-factored Parsing of Syntactic and Semantic Dependencies",
    author = "Llu{\'\i}s, Xavier  and
      Carreras, Xavier  and
      M{\`a}rquez, Llu{\'\i}s",
    journal = "Transactions of the Association for Computational Linguistics",
    volume = "1",
    year = "2013",
    url = "https://www.aclweb.org/anthology/Q13-1018",
    doi = "10.1162/tacl_a_00222",
    pages = "219--230",
}
@article{srikumar-roth-2013-modeling,
    title = "Modeling Semantic Relations Expressed by Prepositions",
    author = "Srikumar, Vivek  and
      Roth, Dan",
    journal = "Transactions of the Association for Computational Linguistics",
    volume = "1",
    year = "2013",
    url = "https://www.aclweb.org/anthology/Q13-1019",
    doi = "10.1162/tacl_a_00223",
    pages = "231--242",
}
@article{zhai-etal-2013-unsupervised,
    title = "Unsupervised Tree Induction for Tree-based Translation",
    author = "Zhai, Feifei  and
      Zhang, Jiajun  and
      Zhou, Yu  and
      Zong, Chengqing",
    journal = "Transactions of the Association for Computational Linguistics",
    volume = "1",
    year = "2013",
    url = "https://www.aclweb.org/anthology/Q13-1020",
    doi = "10.1162/tacl_a_00224",
    pages = "243--254",
}
@article{sirts-goldwater-2013-minimally,
    title = "Minimally-Supervised Morphological Segmentation using Adaptor Grammars",
    author = "Sirts, Kairit  and
      Goldwater, Sharon",
    journal = "Transactions of the Association for Computational Linguistics",
    volume = "1",
    year = "2013",
    url = "https://www.aclweb.org/anthology/Q13-1021",
    doi = "10.1162/tacl_a_00225",
    pages = "255--266",
}
@article{satta-kuhlmann-2013-efficient,
    title = "Efficient Parsing for Head-Split Dependency Trees",
    author = "Satta, Giorgio  and
      Kuhlmann, Marco",
    journal = "Transactions of the Association for Computational Linguistics",
    volume = "1",
    year = "2013",
    url = "https://www.aclweb.org/anthology/Q13-1022",
    doi = "10.1162/tacl_a_00226",
    pages = "267--278",
}
@article{de-melo-bansal-2013-good,
    title = "Good, Great, Excellent: Global Inference of Semantic Intensities",
    author = "de Melo, Gerard  and
      Bansal, Mohit",
    journal = "Transactions of the Association for Computational Linguistics",
    volume = "1",
    year = "2013",
    url = "https://www.aclweb.org/anthology/Q13-1023",
    doi = "10.1162/tacl_a_00227",
    pages = "279--290",
}
@article{wang-zong-2013-large,
    title = "Large-scale Word Alignment Using Soft Dependency Cohesion Constraints",
    author = "Wang, Zhiguo  and
      Zong, Chengqing",
    journal = "Transactions of the Association for Computational Linguistics",
    volume = "1",
    year = "2013",
    url = "https://www.aclweb.org/anthology/Q13-1024",
    doi = "10.1162/tacl_a_00228",
    pages = "291--300",
}
@article{sun-wan-2013-data,
    title = "Data-driven, {PCFG}-based and Pseudo-{PCFG}-based Models for {C}hinese Dependency Parsing",
    author = "Sun, Weiwei  and
      Wan, Xiaojun",
    journal = "Transactions of the Association for Computational Linguistics",
    volume = "1",
    year = "2013",
    url = "https://www.aclweb.org/anthology/Q13-1025",
    doi = "10.1162/tacl_a_00229",
    pages = "301--314",
}
@article{luong-etal-2013-parsing,
    title = "Parsing entire discourses as very long strings: Capturing topic continuity in grounded language learning",
    author = "Luong, Minh-Thang  and
      Frank, Michael C.  and
      Johnson, Mark",
    journal = "Transactions of the Association for Computational Linguistics",
    volume = "1",
    year = "2013",
    url = "https://www.aclweb.org/anthology/Q13-1026",
    doi = "10.1162/tacl_a_00230",
    pages = "315--326",
}
@article{bisazza-federico-2013-dynamically,
    title = "Dynamically Shaping the Reordering Search Space of Phrase-Based Statistical Machine Translation",
    author = "Bisazza, Arianna  and
      Federico, Marcello",
    journal = "Transactions of the Association for Computational Linguistics",
    volume = "1",
    year = "2013",
    url = "https://www.aclweb.org/anthology/Q13-1027",
    doi = "10.1162/tacl_a_00231",
    pages = "327--340",
}
@article{louis-nenkova-2013-makes,
    title = "What Makes Writing Great? First Experiments on Article Quality Prediction in the Science Journalism Domain",
    author = "Louis, Annie  and
      Nenkova, Ani",
    journal = "Transactions of the Association for Computational Linguistics",
    volume = "1",
    year = "2013",
    url = "https://www.aclweb.org/anthology/Q13-1028",
    doi = "10.1162/tacl_a_00232",
    pages = "341--352",
}
@article{turney-2013-distributional,
    title = "Distributional Semantics Beyond Words: Supervised Learning of Analogy and Paraphrase",
    author = "Turney, Peter D.",
    journal = "Transactions of the Association for Computational Linguistics",
    volume = "1",
    year = "2013",
    url = "https://www.aclweb.org/anthology/Q13-1029",
    doi = "10.1162/tacl_a_00233",
    pages = "353--366",
}
@article{ritter-etal-2013-modeling,
    title = "Modeling Missing Data in Distant Supervision for Information Extraction",
    author = "Ritter, Alan  and
      Zettlemoyer, Luke  and
      {Mausam}  and
      Etzioni, Oren",
    journal = "Transactions of the Association for Computational Linguistics",
    volume = "1",
    year = "2013",
    url = "https://www.aclweb.org/anthology/Q13-1030",
    doi = "10.1162/tacl_a_00234",
    pages = "367--378",
}
@article{li-etal-2013-data,
    title = "Data-Driven Metaphor Recognition and Explanation",
    author = "Li, Hongsong  and
      Zhu, Kenny Q.  and
      Wang, Haixun",
    journal = "Transactions of the Association for Computational Linguistics",
    volume = "1",
    year = "2013",
    url = "https://www.aclweb.org/anthology/Q13-1031",
    doi = "10.1162/tacl_a_00235",
    pages = "379--390",
}
@article{basu-etal-2013-powergrading,
    title = "{P}owergrading: a Clustering Approach to Amplify Human Effort for Short Answer Grading",
    author = "Basu, Sumit  and
      Jacobs, Chuck  and
      Vanderwende, Lucy",
    journal = "Transactions of the Association for Computational Linguistics",
    volume = "1",
    year = "2013",
    url = "https://www.aclweb.org/anthology/Q13-1032",
    doi = "10.1162/tacl_a_00236",
    pages = "391--402",
}
@article{goldberg-nivre-2013-training,
    title = "Training Deterministic Parsers with Non-Deterministic Oracles",
    author = "Goldberg, Yoav  and
      Nivre, Joakim",
    journal = "Transactions of the Association for Computational Linguistics",
    volume = "1",
    year = "2013",
    url = "https://www.aclweb.org/anthology/Q13-1033",
    doi = "10.1162/tacl_a_00237",
    pages = "403--414",
}
@article{bohnet-etal-2013-joint,
    title = "Joint Morphological and Syntactic Analysis for Richly Inflected Languages",
    author = "Bohnet, Bernd  and
      Nivre, Joakim  and
      Boguslavsky, Igor  and
      Farkas, Rich{\'a}rd  and
      Ginter, Filip  and
      Haji{\v{c}}, Jan",
    journal = "Transactions of the Association for Computational Linguistics",
    volume = "1",
    year = "2013",
    url = "https://www.aclweb.org/anthology/Q13-1034",
    doi = "10.1162/tacl_a_00238",
    pages = "415--428",
}
@article{irvine-etal-2013-measuring,
    title = "Measuring Machine Translation Errors in New Domains",
    author = "Irvine, Ann  and
      Morgan, John  and
      Carpuat, Marine  and
      Daum{\'e} III, Hal  and
      Munteanu, Dragos",
    journal = "Transactions of the Association for Computational Linguistics",
    volume = "1",
    year = "2013",
    url = "https://www.aclweb.org/anthology/Q13-1035",
    doi = "10.1162/tacl_a_00239",
    pages = "429--440",
}
