@article{tacl-2014-transactions,
    title = "Transactions of the Association for Computational Linguistics, Volume 2",
    journal = "Transactions of the Association for Computational Linguistics",
    volume = "2",
    year = "2014",
}
@article{king-etal-2014-heterogeneous,
    title = "Heterogeneous Networks and Their Applications: Scientometrics, Name Disambiguation, and Topic Modeling",
    author = "King, Ben  and
      Jha, Rahul  and
      Radev, Dragomir R.",
    journal = "Transactions of the Association for Computational Linguistics",
    volume = "2",
    year = "2014",
    url = "https://www.aclweb.org/anthology/Q14-1001",
    doi = "10.1162/tacl_a_00161",
    pages = "1--14",
}
@article{schnabel-schutze-2014-flors,
    title = "{FLORS}: Fast and Simple Domain Adaptation for Part-of-Speech Tagging",
    author = {Schnabel, Tobias  and
      Sch{\"u}tze, Hinrich},
    journal = "Transactions of the Association for Computational Linguistics",
    volume = "2",
    year = "2014",
    url = "https://www.aclweb.org/anthology/Q14-1002",
    doi = "10.1162/tacl_a_00162",
    pages = "15--26",
}
@article{lui-etal-2014-automatic,
    title = "Automatic Detection and Language Identification of Multilingual Documents",
    author = "Lui, Marco  and
      Lau, Jey Han  and
      Baldwin, Timothy",
    journal = "Transactions of the Association for Computational Linguistics",
    volume = "2",
    year = "2014",
    url = "https://www.aclweb.org/anthology/Q14-1003",
    doi = "10.1162/tacl_a_00163",
    pages = "27--40",
}
@article{pitler-2014-crossing,
    title = "A Crossing-Sensitive Third-Order Factorization for Dependency Parsing",
    author = "Pitler, Emily",
    journal = "Transactions of the Association for Computational Linguistics",
    volume = "2",
    year = "2014",
    url = "https://www.aclweb.org/anthology/Q14-1004",
    doi = "10.1162/tacl_a_00164",
    pages = "41--54",
}
@article{wang-manning-2014-cross,
    title = "Cross-lingual Projected Expectation Regularization for Weakly Supervised Learning",
    author = "Wang, Mengqiu  and
      Manning, Christopher D.",
    journal = "Transactions of the Association for Computational Linguistics",
    volume = "2",
    year = "2014",
    url = "https://www.aclweb.org/anthology/Q14-1005",
    doi = "10.1162/tacl_a_00165",
    pages = "55--66",
}
@article{young-etal-2014-image,
    title = "From image descriptions to visual denotations: New similarity metrics for semantic inference over event descriptions",
    author = "Young, Peter  and
      Lai, Alice  and
      Hodosh, Micah  and
      Hockenmaier, Julia",
    journal = "Transactions of the Association for Computational Linguistics",
    volume = "2",
    year = "2014",
    url = "https://www.aclweb.org/anthology/Q14-1006",
    doi = "10.1162/tacl_a_00166",
    pages = "67--78",
}
@article{pavlick-etal-2014-language,
    title = "The Language Demographics of {A}mazon Mechanical Turk",
    author = "Pavlick, Ellie  and
      Post, Matt  and
      Irvine, Ann  and
      Kachaev, Dmitry  and
      Callison-Burch, Chris",
    journal = "Transactions of the Association for Computational Linguistics",
    volume = "2",
    year = "2014",
    url = "https://www.aclweb.org/anthology/Q14-1007",
    doi = "10.1162/tacl_a_00167",
    pages = "79--92",
}
@article{borschinger-johnson-2014-exploring,
    title = "Exploring the Role of Stress in {B}ayesian Word Segmentation using Adaptor Grammars",
    author = {B{\"o}rschinger, Benjamin  and
      Johnson, Mark},
    journal = "Transactions of the Association for Computational Linguistics",
    volume = "2",
    year = "2014",
    url = "https://www.aclweb.org/anthology/Q14-1008",
    doi = "10.1162/tacl_a_00168",
    pages = "93--104",
}
@article{ravi-etal-2014-parallel,
    title = "Parallel Algorithms for Unsupervised Tagging",
    author = "Ravi, Sujith  and
      Vassilivitskii, Sergei  and
      Rastogi, Vibhor",
    journal = "Transactions of the Association for Computational Linguistics",
    volume = "2",
    year = "2014",
    url = "https://www.aclweb.org/anthology/Q14-1009",
    doi = "10.1162/tacl_a_00169",
    pages = "105--118",
}
@article{goldberg-etal-2014-tabular,
    title = "A Tabular Method for Dynamic Oracles in Transition-Based Parsing",
    author = "Goldberg, Yoav  and
      Sartorio, Francesco  and
      Satta, Giorgio",
    journal = "Transactions of the Association for Computational Linguistics",
    volume = "2",
    year = "2014",
    url = "https://www.aclweb.org/anthology/Q14-1010",
    doi = "10.1162/tacl_a_00170",
    pages = "119--130",
}
@article{honnibal-johnson-2014-joint,
    title = "Joint Incremental Disfluency Detection and Dependency Parsing",
    author = "Honnibal, Matthew  and
      Johnson, Mark",
    journal = "Transactions of the Association for Computational Linguistics",
    volume = "2",
    year = "2014",
    url = "https://www.aclweb.org/anthology/Q14-1011",
    doi = "10.1162/tacl_a_00171",
    pages = "131--142",
}
@article{styler-iv-etal-2014-temporal,
    title = "Temporal Annotation in the Clinical Domain",
    author = "Styler IV, William F.  and
      Bethard, Steven  and
      Finan, Sean  and
      Palmer, Martha  and
      Pradhan, Sameer  and
      de Groen, Piet C  and
      Erickson, Brad  and
      Miller, Timothy  and
      Lin, Chen  and
      Savova, Guergana  and
      Pustejovsky, James",
    journal = "Transactions of the Association for Computational Linguistics",
    volume = "2",
    year = "2014",
    url = "https://www.aclweb.org/anthology/Q14-1012",
    doi = "10.1162/tacl_a_00172",
    pages = "143--154",
}
@article{qu-etal-2014-senti,
    title = "Senti-{LSSVM}: Sentiment-Oriented Multi-Relation Extraction with Latent Structural {SVM}",
    author = "Qu, Lizhen  and
      Zhang, Yi  and
      Wang, Rui  and
      Jiang, Lili  and
      Gemulla, Rainer  and
      Weikum, Gerhard",
    journal = "Transactions of the Association for Computational Linguistics",
    volume = "2",
    year = "2014",
    url = "https://www.aclweb.org/anthology/Q14-1013",
    doi = "10.1162/tacl_a_00173",
    pages = "155--168",
}
@article{sperber-etal-2014-segmentation,
    title = "Segmentation for Efficient Supervised Language Annotation with an Explicit Cost-Utility Tradeoff",
    author = "Sperber, Matthias  and
      Simantzik, Mirjam  and
      Neubig, Graham  and
      Nakamura, Satoshi  and
      Waibel, Alex",
    journal = "Transactions of the Association for Computational Linguistics",
    volume = "2",
    year = "2014",
    url = "https://www.aclweb.org/anthology/Q14-1014",
    doi = "10.1162/tacl_a_00174",
    pages = "169--180",
}
@article{yogatama-etal-2014-dynamic,
    title = "Dynamic Language Models for Streaming Text",
    author = "Yogatama, Dani  and
      Wang, Chong  and
      Routledge, Bryan R.  and
      Smith, Noah A.  and
      Xing, Eric P.",
    journal = "Transactions of the Association for Computational Linguistics",
    volume = "2",
    year = "2014",
    url = "https://www.aclweb.org/anthology/Q14-1015",
    doi = "10.1162/tacl_a_00175",
    pages = "181--192",
}
@article{schneider-etal-2014-discriminative,
    title = "Discriminative Lexical Semantic Segmentation with Gaps: Running the {MWE} Gamut",
    author = "Schneider, Nathan  and
      Danchik, Emily  and
      Dyer, Chris  and
      Smith, Noah A.",
    journal = "Transactions of the Association for Computational Linguistics",
    volume = "2",
    year = "2014",
    url = "https://www.aclweb.org/anthology/Q14-1016",
    doi = "10.1162/tacl_a_00176",
    pages = "193--206",
}
@article{socher-etal-2014-grounded,
    title = "Grounded Compositional Semantics for Finding and Describing Images with Sentences",
    author = "Socher, Richard  and
      Karpathy, Andrej  and
      Le, Quoc V.  and
      Manning, Christopher D.  and
      Ng, Andrew Y.",
    journal = "Transactions of the Association for Computational Linguistics",
    volume = "2",
    year = "2014",
    url = "https://www.aclweb.org/anthology/Q14-1017",
    doi = "10.1162/tacl_a_00177",
    pages = "207--218",
}
@article{sultan-etal-2014-back,
    title = "Back to Basics for Monolingual Alignment: Exploiting Word Similarity and Contextual Evidence",
    author = "Sultan, Md Arafat  and
      Bethard, Steven  and
      Sumner, Tamara",
    journal = "Transactions of the Association for Computational Linguistics",
    volume = "2",
    year = "2014",
    url = "https://www.aclweb.org/anthology/Q14-1018",
    doi = "10.1162/tacl_a_00178",
    pages = "219--230",
}
@article{moro-etal-2014-entity,
    title = "Entity Linking meets Word Sense Disambiguation: a Unified Approach",
    author = "Moro, Andrea  and
      Raganato, Alessandro  and
      Navigli, Roberto",
    journal = "Transactions of the Association for Computational Linguistics",
    volume = "2",
    year = "2014",
    url = "https://www.aclweb.org/anthology/Q14-1019",
    doi = "10.1162/tacl_a_00179",
    pages = "231--244",
}
@article{utt-pado-2014-crosslingual,
    title = "Crosslingual and Multilingual Construction of Syntax-Based Vector Space Models",
    author = "Utt, Jason  and
      Pad{\'o}, Sebastian",
    journal = "Transactions of the Association for Computational Linguistics",
    volume = "2",
    year = "2014",
    url = "https://www.aclweb.org/anthology/Q14-1020",
    doi = "10.1162/tacl_a_00180",
    pages = "245--258",
}
@article{fang-chang-2014-entity,
    title = "Entity Linking on Microblogs with Spatial and Temporal Signals",
    author = "Fang, Yuan  and
      Chang, Ming-Wei",
    journal = "Transactions of the Association for Computational Linguistics",
    volume = "2",
    year = "2014",
    url = "https://www.aclweb.org/anthology/Q14-1021",
    doi = "10.1162/tacl_a_00181",
    pages = "259--272",
}
@article{chambers-etal-2014-dense,
    title = "Dense Event Ordering with a Multi-Pass Architecture",
    author = "Chambers, Nathanael  and
      Cassidy, Taylor  and
      McDowell, Bill  and
      Bethard, Steven",
    journal = "Transactions of the Association for Computational Linguistics",
    volume = "2",
    year = "2014",
    url = "https://www.aclweb.org/anthology/Q14-1022",
    doi = "10.1162/tacl_a_00182",
    pages = "273--284",
}
@article{hill-etal-2014-multi,
    title = "Multi-Modal Models for Concrete and Abstract Concept Meaning",
    author = "Hill, Felix  and
      Reichart, Roi  and
      Korhonen, Anna",
    journal = "Transactions of the Association for Computational Linguistics",
    volume = "2",
    year = "2014",
    url = "https://www.aclweb.org/anthology/Q14-1023",
    doi = "10.1162/tacl_a_00183",
    pages = "285--296",
}
@article{west-etal-2014-exploiting,
    title = "Exploiting Social Network Structure for Person-to-Person Sentiment Analysis",
    author = "West, Robert  and
      Paskov, Hristo S.  and
      Leskovec, Jure  and
      Potts, Christopher",
    journal = "Transactions of the Association for Computational Linguistics",
    volume = "2",
    year = "2014",
    url = "https://www.aclweb.org/anthology/Q14-1024",
    doi = "10.1162/tacl_a_00184",
    pages = "297--310",
}
@article{passonneau-carpenter-2014-benefits,
    title = "The Benefits of a Model of Annotation",
    author = "Passonneau, Rebecca J.  and
      Carpenter, Bob",
    journal = "Transactions of the Association for Computational Linguistics",
    volume = "2",
    year = "2014",
    url = "https://www.aclweb.org/anthology/Q14-1025",
    doi = "10.1162/tacl_a_00185",
    pages = "311--326",
}
@article{lewis-steedman-2014-improved,
    title = "Improved {CCG} Parsing with Semi-supervised Supertagging",
    author = "Lewis, Mike  and
      Steedman, Mark",
    journal = "Transactions of the Association for Computational Linguistics",
    volume = "2",
    year = "2014",
    url = "https://www.aclweb.org/anthology/Q14-1026",
    doi = "10.1162/tacl_a_00186",
    pages = "327--338",
}
@article{qian-liu-2014-2,
    title = "2-Slave Dual Decomposition for Generalized Higher Order {CRF}s",
    author = "Qian, Xian  and
      Liu, Yang",
    journal = "Transactions of the Association for Computational Linguistics",
    volume = "2",
    year = "2014",
    url = "https://www.aclweb.org/anthology/Q14-1027",
    doi = "10.1162/tacl_a_00187",
    pages = "339--350",
}
@article{kuznetsova-etal-2014-treetalk,
    title = "{T}ree{T}alk: Composition and Compression of Trees for Image Descriptions",
    author = "Kuznetsova, Polina  and
      Ordonez, Vicente  and
      Berg, Tamara L.  and
      Choi, Yejin",
    journal = "Transactions of the Association for Computational Linguistics",
    volume = "2",
    year = "2014",
    url = "https://www.aclweb.org/anthology/Q14-1028",
    doi = "10.1162/tacl_a_00188",
    pages = "351--362",
}
@article{bamman-smith-2014-unsupervised,
    title = "Unsupervised Discovery of Biographical Structure from Text",
    author = "Bamman, David  and
      Smith, Noah A.",
    journal = "Transactions of the Association for Computational Linguistics",
    volume = "2",
    year = "2014",
    url = "https://www.aclweb.org/anthology/Q14-1029",
    doi = "10.1162/tacl_a_00189",
    pages = "363--376",
}
@article{reddy-etal-2014-large,
    title = "Large-scale Semantic Parsing without Question-Answer Pairs",
    author = "Reddy, Siva  and
      Lapata, Mirella  and
      Steedman, Mark",
    journal = "Transactions of the Association for Computational Linguistics",
    volume = "2",
    year = "2014",
    url = "https://www.aclweb.org/anthology/Q14-1030",
    doi = "10.1162/tacl_a_00190",
    pages = "377--392",
}
@article{clark-etal-2014-locally,
    title = "Locally Non-Linear Learning for Statistical Machine Translation via Discretization and Structured Regularization",
    author = "Clark, Jonathan H.  and
      Dyer, Chris  and
      Lavie, Alon",
    journal = "Transactions of the Association for Computational Linguistics",
    volume = "2",
    year = "2014",
    url = "https://www.aclweb.org/anthology/Q14-1031",
    doi = "10.1162/tacl_a_00191",
    pages = "393--404",
}
@article{kuhlmann-satta-2014-new,
    title = "A New Parsing Algorithm for Combinatory Categorial Grammar",
    author = "Kuhlmann, Marco  and
      Satta, Giorgio",
    journal = "Transactions of the Association for Computational Linguistics",
    volume = "2",
    year = "2014",
    url = "https://www.aclweb.org/anthology/Q14-1032",
    doi = "10.1162/tacl_a_00192",
    pages = "405--418",
}
@article{rozovskaya-roth-2014-building,
    title = "Building a State-of-the-Art Grammatical Error Correction System",
    author = "Rozovskaya, Alla  and
      Roth, Dan",
    journal = "Transactions of the Association for Computational Linguistics",
    volume = "2",
    year = "2014",
    url = "https://www.aclweb.org/anthology/Q14-1033",
    doi = "10.1162/tacl_a_00193",
    pages = "419--434",
}
@article{xu-etal-2014-extracting,
    title = "Extracting Lexically Divergent Paraphrases from Twitter",
    author = "Xu, Wei  and
      Ritter, Alan  and
      Callison-Burch, Chris  and
      Dolan, William B.  and
      Ji, Yangfeng",
    journal = "Transactions of the Association for Computational Linguistics",
    volume = "2",
    year = "2014",
    url = "https://www.aclweb.org/anthology/Q14-1034",
    doi = "10.1162/tacl_a_00194",
    pages = "435--448",
}
@article{jurgens-navigli-2014-fun,
    title = "It{'}s All Fun and Games until Someone Annotates: Video Games with a Purpose for Linguistic Annotation",
    author = "Jurgens, David  and
      Navigli, Roberto",
    journal = "Transactions of the Association for Computational Linguistics",
    volume = "2",
    year = "2014",
    url = "https://www.aclweb.org/anthology/Q14-1035",
    doi = "10.1162/tacl_a_00195",
    pages = "449--464",
}
@article{zhai-etal-2014-online,
    title = "Online Adaptor Grammars with Hybrid Inference",
    author = "Zhai, Ke  and
      Boyd-Graber, Jordan  and
      Cohen, Shay B.",
    journal = "Transactions of the Association for Computational Linguistics",
    volume = "2",
    year = "2014",
    url = "https://www.aclweb.org/anthology/Q14-1036",
    doi = "10.1162/tacl_a_00196",
    pages = "465--476",
}
@article{durrett-klein-2014-joint,
    title = "A Joint Model for Entity Analysis: Coreference, Typing, and Linking",
    author = "Durrett, Greg  and
      Klein, Dan",
    journal = "Transactions of the Association for Computational Linguistics",
    volume = "2",
    year = "2014",
    url = "https://www.aclweb.org/anthology/Q14-1037",
    doi = "10.1162/tacl_a_00197",
    pages = "477--490",
}
@article{chandlee-etal-2014-learning,
    title = "Learning Strictly Local Subsequential Functions",
    author = "Chandlee, Jane  and
      Eyraud, R{\'e}mi  and
      Heinz, Jeffrey",
    journal = "Transactions of the Association for Computational Linguistics",
    volume = "2",
    year = "2014",
    url = "https://www.aclweb.org/anthology/Q14-1038",
    doi = "10.1162/tacl_a_00198",
    pages = "491--504",
}
@article{yang-cardie-2014-joint,
    title = "Joint Modeling of Opinion Expression Extraction and Attribute Classification",
    author = "Yang, Bishan  and
      Cardie, Claire",
    journal = "Transactions of the Association for Computational Linguistics",
    volume = "2",
    year = "2014",
    url = "https://www.aclweb.org/anthology/Q14-1039",
    doi = "10.1162/tacl_a_00199",
    pages = "505--516",
}
@article{beinborn-etal-2014-predicting,
    title = "Predicting the Difficulty of Language Proficiency Tests",
    author = "Beinborn, Lisa  and
      Zesch, Torsten  and
      Gurevych, Iryna",
    journal = "Transactions of the Association for Computational Linguistics",
    volume = "2",
    year = "2014",
    url = "https://www.aclweb.org/anthology/Q14-1040",
    doi = "10.1162/tacl_a_00200",
    pages = "517--530",
}
@article{lapesa-evert-2014-large,
    title = "A Large Scale Evaluation of Distributional Semantic Models: Parameters, Interactions and Model Selection",
    author = "Lapesa, Gabriella  and
      Evert, Stefan",
    journal = "Transactions of the Association for Computational Linguistics",
    volume = "2",
    year = "2014",
    url = "https://www.aclweb.org/anthology/Q14-1041",
    doi = "10.1162/tacl_a_00201",
    pages = "531--546",
}
@article{vlachos-clark-2014-new,
    title = "A New Corpus and Imitation Learning Framework for Context-Dependent Semantic Parsing",
    author = "Vlachos, Andreas  and
      Clark, Stephen",
    journal = "Transactions of the Association for Computational Linguistics",
    volume = "2",
    year = "2014",
    url = "https://www.aclweb.org/anthology/Q14-1042",
    doi = "10.1162/tacl_a_00202",
    pages = "547--560",
}
@article{belinkov-etal-2014-exploring,
    title = "Exploring Compositional Architectures and Word Vector Representations for Prepositional Phrase Attachment",
    author = "Belinkov, Yonatan  and
      Lei, Tao  and
      Barzilay, Regina  and
      Globerson, Amir",
    journal = "Transactions of the Association for Computational Linguistics",
    volume = "2",
    year = "2014",
    url = "https://www.aclweb.org/anthology/Q14-1043",
    doi = "10.1162/tacl_a_00203",
    pages = "561--572",
}
