@article{tacl-2015-transactions,
    title = "Transactions of the Association for Computational Linguistics, Volume 3",
    journal = "Transactions of the Association for Computational Linguistics",
    volume = "3",
    year = "2015",
}
@article{roy-etal-2015-reasoning,
    title = "Reasoning about Quantities in Natural Language",
    author = "Roy, Subhro  and
      Vieira, Tim  and
      Roth, Dan",
    journal = "Transactions of the Association for Computational Linguistics",
    volume = "3",
    year = "2015",
    url = "https://www.aclweb.org/anthology/Q15-1001",
    doi = "10.1162/tacl_a_00118",
    pages = "1--13",
}
@article{dutta-weikum-2015-cross,
    title = "Cross-Document Co-Reference Resolution using Sample-Based Clustering with Knowledge Enrichment",
    author = "Dutta, Sourav  and
      Weikum, Gerhard",
    journal = "Transactions of the Association for Computational Linguistics",
    volume = "3",
    year = "2015",
    url = "https://www.aclweb.org/anthology/Q15-1002",
    doi = "10.1162/tacl_a_00119",
    pages = "15--28",
}
@article{tackstrom-etal-2015-efficient,
    title = "Efficient Inference and Structured Learning for Semantic Role Labeling",
    author = {T{\"a}ckstr{\"o}m, Oscar  and
      Ganchev, Kuzman  and
      Das, Dipanjan},
    journal = "Transactions of the Association for Computational Linguistics",
    volume = "3",
    year = "2015",
    url = "https://www.aclweb.org/anthology/Q15-1003",
    doi = "10.1162/tacl_a_00120",
    pages = "29--41",
}
@article{paul-dredze-2015-sprite,
    title = "{S}prite: Generalizing Topic Models with Structured Priors",
    author = "Paul, Michael J.  and
      Dredze, Mark",
    journal = "Transactions of the Association for Computational Linguistics",
    volume = "3",
    year = "2015",
    url = "https://www.aclweb.org/anthology/Q15-1004",
    doi = "10.1162/tacl_a_00121",
    pages = "43--57",
}
@article{wang-etal-2015-sense,
    title = "A Sense-Topic Model for Word Sense Induction with Unsupervised Data Enrichment",
    author = "Wang, Jing  and
      Bansal, Mohit  and
      Gimpel, Kevin  and
      Ziebart, Brian D.  and
      Yu, Clement T.",
    journal = "Transactions of the Association for Computational Linguistics",
    volume = "3",
    year = "2015",
    url = "https://www.aclweb.org/anthology/Q15-1005",
    doi = "10.1162/tacl_a_00122",
    pages = "59--71",
}
@article{louis-lapata-2015-step,
    title = "Which Step Do {I} Take First? Troubleshooting with {B}ayesian Models",
    author = "Louis, Annie  and
      Lapata, Mirella",
    journal = "Transactions of the Association for Computational Linguistics",
    volume = "3",
    year = "2015",
    url = "https://www.aclweb.org/anthology/Q15-1006",
    doi = "10.1162/tacl_a_00123",
    pages = "73--85",
}
@article{he-etal-2015-gappy,
    title = "Gappy Pattern Matching on {GPU}s for On-Demand Extraction of Hierarchical Translation Grammars",
    author = "He, Hua  and
      Lin, Jimmy  and
      Lopez, Adam",
    journal = "Transactions of the Association for Computational Linguistics",
    volume = "3",
    year = "2015",
    url = "https://www.aclweb.org/anthology/Q15-1007",
    doi = "10.1162/tacl_a_00124",
    pages = "87--100",
}
@article{mcmahan-stone-2015-bayesian,
    title = "A {B}ayesian Model of Grounded Color Semantics",
    author = "McMahan, Brian  and
      Stone, Matthew",
    journal = "Transactions of the Association for Computational Linguistics",
    volume = "3",
    year = "2015",
    url = "https://www.aclweb.org/anthology/Q15-1008",
    doi = "10.1162/tacl_a_00126",
    pages = "103--115",
}
@article{zhang-etal-2015-exploiting,
    title = "Exploiting Parallel News Streams for Unsupervised Event Extraction",
    author = "Zhang, Congle  and
      Soderland, Stephen  and
      Weld, Daniel S.",
    journal = "Transactions of the Association for Computational Linguistics",
    volume = "3",
    year = "2015",
    url = "https://www.aclweb.org/anthology/Q15-1009",
    doi = "10.1162/tacl_a_00127",
    pages = "117--129",
}
@article{guo-etal-2015-unsupervised,
    title = "Unsupervised Declarative Knowledge Induction for Constraint-Based Learning of Information Structure in Scientific Documents",
    author = "Guo, Yufan  and
      Reichart, Roi  and
      Korhonen, Anna",
    journal = "Transactions of the Association for Computational Linguistics",
    volume = "3",
    year = "2015",
    url = "https://www.aclweb.org/anthology/Q15-1010",
    doi = "10.1162/tacl_a_00128",
    pages = "131--143",
}
@article{chisholm-hachey-2015-entity,
    title = "Entity Disambiguation with Web Links",
    author = "Chisholm, Andrew  and
      Hachey, Ben",
    journal = "Transactions of the Association for Computational Linguistics",
    volume = "3",
    year = "2015",
    url = "https://www.aclweb.org/anthology/Q15-1011",
    doi = "10.1162/tacl_a_00129",
    pages = "145--156",
}
@article{narasimhan-etal-2015-unsupervised,
    title = "An Unsupervised Method for Uncovering Morphological Chains",
    author = "Narasimhan, Karthik  and
      Barzilay, Regina  and
      Jaakkola, Tommi",
    journal = "Transactions of the Association for Computational Linguistics",
    volume = "3",
    year = "2015",
    url = "https://www.aclweb.org/anthology/Q15-1012",
    doi = "10.1162/tacl_a_00130",
    pages = "157--167",
}
@article{sennrich-2015-modelling,
    title = "Modelling and Optimizing on Syntactic N-Grams for Statistical Machine Translation",
    author = "Sennrich, Rico",
    journal = "Transactions of the Association for Computational Linguistics",
    volume = "3",
    year = "2015",
    url = "https://www.aclweb.org/anthology/Q15-1013",
    doi = "10.1162/tacl_a_00131",
    pages = "169--182",
}
@article{lazaridou-etal-2015-visual,
    title = "From Visual Attributes to Adjectives through Decompositional Distributional Semantics",
    author = "Lazaridou, Angeliki  and
      Dinu, Georgiana  and
      Liska, Adam  and
      Baroni, Marco",
    journal = "Transactions of the Association for Computational Linguistics",
    volume = "3",
    year = "2015",
    url = "https://www.aclweb.org/anthology/Q15-1014",
    doi = "10.1162/tacl_a_00132",
    pages = "183--196",
}
@article{fried-etal-2015-higher,
    title = "Higher-order Lexical Semantic Models for Non-factoid Answer Reranking",
    author = "Fried, Daniel  and
      Jansen, Peter  and
      Hahn-Powell, Gustave  and
      Surdeanu, Mihai  and
      Clark, Peter",
    journal = "Transactions of the Association for Computational Linguistics",
    volume = "3",
    year = "2015",
    url = "https://www.aclweb.org/anthology/Q15-1015",
    doi = "10.1162/tacl_a_00133",
    pages = "197--210",
}
@article{levy-etal-2015-improving,
    title = "Improving Distributional Similarity with Lessons Learned from Word Embeddings",
    author = "Levy, Omer  and
      Goldberg, Yoav  and
      Dagan, Ido",
    journal = "Transactions of the Association for Computational Linguistics",
    volume = "3",
    year = "2015",
    url = "https://www.aclweb.org/anthology/Q15-1016",
    doi = "10.1162/tacl_a_00134",
    pages = "211--225",
}
@article{yu-dredze-2015-learning,
    title = "Learning Composition Models for Phrase Embeddings",
    author = "Yu, Mo  and
      Dredze, Mark",
    journal = "Transactions of the Association for Computational Linguistics",
    volume = "3",
    year = "2015",
    url = "https://www.aclweb.org/anthology/Q15-1017",
    doi = "10.1162/tacl_a_00135",
    pages = "227--242",
}
@article{althobaiti-etal-2015-combining,
    title = "Combining Minimally-supervised Methods for {A}rabic Named Entity Recognition",
    author = "Althobaiti, Maha  and
      Kruschwitz, Udo  and
      Poesio, Massimo",
    journal = "Transactions of the Association for Computational Linguistics",
    volume = "3",
    year = "2015",
    url = "https://www.aclweb.org/anthology/Q15-1018",
    doi = "10.1162/tacl_a_00136",
    pages = "243--255",
}
@article{krishnamurthy-mitchell-2015-learning,
    title = "Learning a Compositional Semantics for {F}reebase with an Open Predicate Vocabulary",
    author = "Krishnamurthy, Jayant  and
      Mitchell, Tom M.",
    journal = "Transactions of the Association for Computational Linguistics",
    volume = "3",
    year = "2015",
    url = "https://www.aclweb.org/anthology/Q15-1019",
    doi = "10.1162/tacl_a_00137",
    pages = "257--270",
}
@article{yang-etal-2015-domain,
    title = "Domain Adaptation for Syntactic and Semantic Dependency Parsing Using Deep Belief Networks",
    author = "Yang, Haitong  and
      Zhuang, Tao  and
      Zong, Chengqing",
    journal = "Transactions of the Association for Computational Linguistics",
    volume = "3",
    year = "2015",
    url = "https://www.aclweb.org/anthology/Q15-1020",
    doi = "10.1162/tacl_a_00138",
    pages = "271--282",
}
@article{xu-etal-2015-problems,
    title = "Problems in Current Text Simplification Research: New Data Can Help",
    author = "Xu, Wei  and
      Callison-Burch, Chris  and
      Napoles, Courtney",
    journal = "Transactions of the Association for Computational Linguistics",
    volume = "3",
    year = "2015",
    url = "https://www.aclweb.org/anthology/Q15-1021",
    doi = "10.1162/tacl_a_00139",
    pages = "283--297",
}
@article{nguyen-etal-2015-improving-topic,
    title = "Improving Topic Models with Latent Feature Word Representations",
    author = "Nguyen, Dat Quoc  and
      Billingsley, Richard  and
      Du, Lan  and
      Johnson, Mark",
    journal = "Transactions of the Association for Computational Linguistics",
    volume = "3",
    year = "2015",
    url = "https://www.aclweb.org/anthology/Q15-1022",
    doi = "10.1162/tacl_a_00140",
    pages = "299--313",
}
@article{ling-etal-2015-design,
    title = "Design Challenges for Entity Linking",
    author = "Ling, Xiao  and
      Singh, Sameer  and
      Weld, Daniel S.",
    journal = "Transactions of the Association for Computational Linguistics",
    volume = "3",
    year = "2015",
    url = "https://www.aclweb.org/anthology/Q15-1023",
    doi = "10.1162/tacl_a_00141",
    pages = "315--328",
}
@article{ji-eisenstein-2015-one,
    title = "One Vector is Not Enough: Entity-Augmented Distributed Semantics for Discourse Relations",
    author = "Ji, Yangfeng  and
      Eisenstein, Jacob",
    journal = "Transactions of the Association for Computational Linguistics",
    volume = "3",
    year = "2015",
    url = "https://www.aclweb.org/anthology/Q15-1024",
    doi = "10.1162/tacl_a_00142",
    pages = "329--344",
}
@article{wieting-etal-2015-paraphrase,
    title = "From Paraphrase Database to Compositional Paraphrase Model and Back",
    author = "Wieting, John  and
      Bansal, Mohit  and
      Gimpel, Kevin  and
      Livescu, Karen",
    journal = "Transactions of the Association for Computational Linguistics",
    volume = "3",
    year = "2015",
    url = "https://www.aclweb.org/anthology/Q15-1025",
    doi = "10.1162/tacl_a_00143",
    pages = "345--358",
}
@article{seeker-cetinoglu-2015-graph,
    title = "A Graph-based Lattice Dependency Parser for Joint Morphological Segmentation and Syntactic Analysis",
    author = {Seeker, Wolfgang  and
      {\c{C}}etino{\u{g}}lu, {\"O}zlem},
    journal = "Transactions of the Association for Computational Linguistics",
    volume = "3",
    year = "2015",
    url = "https://www.aclweb.org/anthology/Q15-1026",
    doi = "10.1162/tacl_a_00144",
    pages = "359--373",
}
@article{kruszewski-etal-2015-deriving,
    title = "Deriving {B}oolean structures from distributional vectors",
    author = "Kruszewski, German  and
      Paperno, Denis  and
      Baroni, Marco",
    journal = "Transactions of the Association for Computational Linguistics",
    volume = "3",
    year = "2015",
    url = "https://www.aclweb.org/anthology/Q15-1027",
    doi = "10.1162/tacl_a_00145",
    pages = "375--388",
}
@article{lee-etal-2015-unsupervised,
    title = "Unsupervised Lexicon Discovery from Acoustic Input",
    author = "Lee, Chia-ying  and
      O{'}Donnell, Timothy J.  and
      Glass, James",
    journal = "Transactions of the Association for Computational Linguistics",
    volume = "3",
    year = "2015",
    url = "https://www.aclweb.org/anthology/Q15-1028",
    doi = "10.1162/tacl_a_00146",
    pages = "389--403",
}
@article{martschat-strube-2015-latent,
    title = "Latent Structures for Coreference Resolution",
    author = "Martschat, Sebastian  and
      Strube, Michael",
    journal = "Transactions of the Association for Computational Linguistics",
    volume = "3",
    year = "2015",
    url = "https://www.aclweb.org/anthology/Q15-1029",
    doi = "10.1162/tacl_a_00147",
    pages = "405--418",
}
@article{rabinovich-wintner-2015-unsupervised,
    title = "Unsupervised Identification of Translationese",
    author = "Rabinovich, Ella  and
      Wintner, Shuly",
    journal = "Transactions of the Association for Computational Linguistics",
    volume = "3",
    year = "2015",
    url = "https://www.aclweb.org/anthology/Q15-1030",
    doi = "10.1162/tacl_a_00148",
    pages = "419--432",
}
@article{cotterell-etal-2015-modeling,
    title = "Modeling Word Forms Using Latent Underlying Morphs and Phonology",
    author = "Cotterell, Ryan  and
      Peng, Nanyun  and
      Eisner, Jason",
    journal = "Transactions of the Association for Computational Linguistics",
    volume = "3",
    year = "2015",
    url = "https://www.aclweb.org/anthology/Q15-1031",
    doi = "10.1162/tacl_a_00149",
    pages = "433--447",
}
@article{roth-lapata-2015-context,
    title = "Context-aware Frame-Semantic Role Labeling",
    author = "Roth, Michael  and
      Lapata, Mirella",
    journal = "Transactions of the Association for Computational Linguistics",
    volume = "3",
    year = "2015",
    url = "https://www.aclweb.org/anthology/Q15-1032",
    doi = "10.1162/tacl_a_00150",
    pages = "449--460",
}
@article{beck-etal-2015-learning,
    title = "Learning Structural Kernels for Natural Language Processing",
    author = "Beck, Daniel  and
      Cohn, Trevor  and
      Hardmeier, Christian  and
      Specia, Lucia",
    journal = "Transactions of the Association for Computational Linguistics",
    volume = "3",
    year = "2015",
    url = "https://www.aclweb.org/anthology/Q15-1033",
    doi = "10.1162/tacl_a_00151",
    pages = "461--473",
}
@article{reisinger-etal-2015-semantic,
    title = "Semantic Proto-Roles",
    author = "Reisinger, Drew  and
      Rudinger, Rachel  and
      Ferraro, Francis  and
      Harman, Craig  and
      Rawlins, Kyle  and
      Van Durme, Benjamin",
    journal = "Transactions of the Association for Computational Linguistics",
    volume = "3",
    year = "2015",
    url = "https://www.aclweb.org/anthology/Q15-1034",
    doi = "10.1162/tacl_a_00152",
    pages = "475--488",
}
@article{gormley-etal-2015-approximation,
    title = "Approximation-Aware Dependency Parsing by Belief Propagation",
    author = "Gormley, Matthew R.  and
      Dredze, Mark  and
      Eisner, Jason",
    journal = "Transactions of the Association for Computational Linguistics",
    volume = "3",
    year = "2015",
    url = "https://www.aclweb.org/anthology/Q15-1035",
    doi = "10.1162/tacl_a_00153",
    pages = "489--501",
}
@article{lazic-etal-2015-plato,
    title = "{P}lato: A Selective Context Model for Entity Resolution",
    author = "Lazic, Nevena  and
      Subramanya, Amarnag  and
      Ringgaard, Michael  and
      Pereira, Fernando",
    journal = "Transactions of the Association for Computational Linguistics",
    volume = "3",
    year = "2015",
    url = "https://www.aclweb.org/anthology/Q15-1036",
    doi = "10.1162/tacl_a_00154",
    pages = "503--515",
}
@article{yang-etal-2015-hierarchical,
    title = "A Hierarchical Distance-dependent {B}ayesian Model for Event Coreference Resolution",
    author = "Yang, Bishan  and
      Cardie, Claire  and
      Frazier, Peter",
    journal = "Transactions of the Association for Computational Linguistics",
    volume = "3",
    year = "2015",
    url = "https://www.aclweb.org/anthology/Q15-1037",
    doi = "10.1162/tacl_a_00155",
    pages = "517--528",
}
@article{delli-bovi-etal-2015-large,
    title = "Large-Scale Information Extraction from Textual Definitions through Deep Syntactic and Semantic Analysis",
    author = "Delli Bovi, Claudio  and
      Telesca, Luca  and
      Navigli, Roberto",
    journal = "Transactions of the Association for Computational Linguistics",
    volume = "3",
    year = "2015",
    url = "https://www.aclweb.org/anthology/Q15-1038",
    doi = "10.1162/tacl_a_00156",
    pages = "529--543",
}
@article{berant-liang-2015-imitation,
    title = "Imitation Learning of Agenda-based Semantic Parsers",
    author = "Berant, Jonathan  and
      Liang, Percy",
    journal = "Transactions of the Association for Computational Linguistics",
    volume = "3",
    year = "2015",
    url = "https://www.aclweb.org/anthology/Q15-1039",
    doi = "10.1162/tacl_a_00157",
    pages = "545--558",
}
@article{kuhlmann-jonsson-2015-parsing,
    title = "Parsing to Noncrossing Dependency Graphs",
    author = "Kuhlmann, Marco  and
      Jonsson, Peter",
    journal = "Transactions of the Association for Computational Linguistics",
    volume = "3",
    year = "2015",
    url = "https://www.aclweb.org/anthology/Q15-1040",
    doi = "10.1162/tacl_a_00158",
    pages = "559--570",
}
@article{arthur-etal-2015-semantic,
    title = "Semantic Parsing of Ambiguous Input through Paraphrasing and Verification",
    author = "Arthur, Philip  and
      Neubig, Graham  and
      Sakti, Sakriani  and
      Toda, Tomoki  and
      Nakamura, Satoshi",
    journal = "Transactions of the Association for Computational Linguistics",
    volume = "3",
    year = "2015",
    url = "https://www.aclweb.org/anthology/Q15-1041",
    doi = "10.1162/tacl_a_00159",
    pages = "571--584",
}
@article{koncel-kedziorski-etal-2015-parsing,
    title = "Parsing Algebraic Word Problems into Equations",
    author = "Koncel-Kedziorski, Rik  and
      Hajishirzi, Hannaneh  and
      Sabharwal, Ashish  and
      Etzioni, Oren  and
      Ang, Siena Dumas",
    journal = "Transactions of the Association for Computational Linguistics",
    volume = "3",
    year = "2015",
    url = "https://www.aclweb.org/anthology/Q15-1042",
    doi = "10.1162/tacl_a_00160",
    pages = "585--597",
}
