@article{tacl-2016-transactions,
    title = "Transactions of the Association for Computational Linguistics, Volume 4",
    journal = "Transactions of the Association for Computational Linguistics",
    volume = "4",
    year = "2016",
}
@article{faruqui-etal-2016-morpho,
    title = "Morpho-syntactic Lexicon Generation Using Graph-based Semi-supervised Learning",
    author = "Faruqui, Manaal  and
      McDonald, Ryan  and
      Soricut, Radu",
    journal = "Transactions of the Association for Computational Linguistics",
    volume = "4",
    year = "2016",
    url = "https://www.aclweb.org/anthology/Q16-1001",
    doi = "10.1162/tacl_a_00079",
    pages = "1--16",
}
@article{hill-etal-2016-learning,
    title = "Learning to Understand Phrases by Embedding the Dictionary",
    author = "Hill, Felix  and
      Cho, Kyunghyun  and
      Korhonen, Anna  and
      Bengio, Yoshua",
    journal = "Transactions of the Association for Computational Linguistics",
    volume = "4",
    year = "2016",
    url = "https://www.aclweb.org/anthology/Q16-1002",
    doi = "10.1162/tacl_a_00080",
    pages = "17--30",
}
@article{frermann-lapata-2016-bayesian,
    title = "A {B}ayesian Model of Diachronic Meaning Change",
    author = "Frermann, Lea  and
      Lapata, Mirella",
    journal = "Transactions of the Association for Computational Linguistics",
    volume = "4",
    year = "2016",
    url = "https://www.aclweb.org/anthology/Q16-1003",
    doi = "10.1162/tacl_a_00081",
    pages = "31--45",
}
@article{gutierrez-etal-2016-detecting,
    title = "Detecting Cross-Cultural Differences Using a Multilingual Topic Model",
    author = "Guti{\'e}rrez, E.D.  and
      Shutova, Ekaterina  and
      Lichtenstein, Patricia  and
      de Melo, Gerard  and
      Gilardi, Luca",
    journal = "Transactions of the Association for Computational Linguistics",
    volume = "4",
    year = "2016",
    url = "https://www.aclweb.org/anthology/Q16-1004",
    doi = "10.1162/tacl_a_00082",
    pages = "47--60",
}
@article{pavlick-tetreault-2016-empirical,
    title = "An Empirical Analysis of Formality in Online Communication",
    author = "Pavlick, Ellie  and
      Tetreault, Joel",
    journal = "Transactions of the Association for Computational Linguistics",
    volume = "4",
    year = "2016",
    url = "https://www.aclweb.org/anthology/Q16-1005",
    doi = "10.1162/tacl_a_00083",
    pages = "61--74",
}
@article{hauer-kondrak-2016-decoding,
    title = "Decoding Anagrammed Texts Written in an Unknown Language and Script",
    author = "Hauer, Bradley  and
      Kondrak, Grzegorz",
    journal = "Transactions of the Association for Computational Linguistics",
    volume = "4",
    year = "2016",
    url = "https://www.aclweb.org/anthology/Q16-1006",
    doi = "10.1162/tacl_a_00084",
    pages = "75--86",
}
@article{jardine-heinz-2016-learning,
    title = "Learning Tier-based Strictly 2-Local Languages",
    author = "Jardine, Adam  and
      Heinz, Jeffrey",
    journal = "Transactions of the Association for Computational Linguistics",
    volume = "4",
    year = "2016",
    url = "https://www.aclweb.org/anthology/Q16-1007",
    doi = "10.1162/tacl_a_00085",
    pages = "87--98",
}
@article{cuong-etal-2016-adapting,
    title = "Adapting to All Domains at Once: Rewarding Domain Invariance in {SMT}",
    author = "Cuong, Hoang  and
      Sima{'}an, Khalil  and
      Titov, Ivan",
    journal = "Transactions of the Association for Computational Linguistics",
    volume = "4",
    year = "2016",
    url = "https://www.aclweb.org/anthology/Q16-1008",
    doi = "10.1162/tacl_a_00086",
    pages = "99--112",
}
@article{sultan-etal-2016-joint,
    title = "A Joint Model for Answer Sentence Ranking and Answer Extraction",
    author = "Sultan, Md Arafat  and
      Castelli, Vittorio  and
      Florian, Radu",
    journal = "Transactions of the Association for Computational Linguistics",
    volume = "4",
    year = "2016",
    url = "https://www.aclweb.org/anthology/Q16-1009",
    doi = "10.1162/tacl_a_00087",
    pages = "113--125",
}
@article{reddy-etal-2016-transforming,
    title = "Transforming Dependency Structures to Logical Forms for Semantic Parsing",
    author = {Reddy, Siva  and
      T{\"a}ckstr{\"o}m, Oscar  and
      Collins, Michael  and
      Kwiatkowski, Tom  and
      Das, Dipanjan  and
      Steedman, Mark  and
      Lapata, Mirella},
    journal = "Transactions of the Association for Computational Linguistics",
    volume = "4",
    year = "2016",
    url = "https://www.aclweb.org/anthology/Q16-1010",
    doi = "10.1162/tacl_a_00088",
    pages = "127--140",
}
@article{tsai-roth-2016-concept,
    title = "Concept Grounding to Multiple Knowledge Bases via Indirect Supervision",
    author = "Tsai, Chen-Tse  and
      Roth, Dan",
    journal = "Transactions of the Association for Computational Linguistics",
    volume = "4",
    year = "2016",
    url = "https://www.aclweb.org/anthology/Q16-1011",
    doi = "10.1162/tacl_a_00089",
    pages = "141--154",
}
@article{richardson-kuhn-2016-learning,
    title = "Learning to Make Inferences in a Semantic Parsing Task",
    author = "Richardson, Kyle  and
      Kuhn, Jonas",
    journal = "Transactions of the Association for Computational Linguistics",
    volume = "4",
    year = "2016",
    url = "https://www.aclweb.org/anthology/Q16-1012",
    doi = "10.1162/tacl_a_00090",
    pages = "155--168",
}
@article{sakaguchi-etal-2016-reassessing,
    title = "Reassessing the Goals of Grammatical Error Correction: Fluency Instead of Grammaticality",
    author = "Sakaguchi, Keisuke  and
      Napoles, Courtney  and
      Post, Matt  and
      Tetreault, Joel",
    journal = "Transactions of the Association for Computational Linguistics",
    volume = "4",
    year = "2016",
    url = "https://www.aclweb.org/anthology/Q16-1013",
    doi = "10.1162/tacl_a_00091",
    pages = "169--182",
}
@article{vaswani-sagae-2016-efficient,
    title = "Efficient Structured Inference for Transition-Based Parsing with Neural Networks and Error States",
    author = "Vaswani, Ashish  and
      Sagae, Kenji",
    journal = "Transactions of the Association for Computational Linguistics",
    volume = "4",
    year = "2016",
    url = "https://www.aclweb.org/anthology/Q16-1014",
    doi = "10.1162/tacl_a_00092",
    pages = "183--196",
}
@article{hartmann-etal-2016-generating,
    title = "Generating Training Data for Semantic Role Labeling based on Label Transfer from Linked Lexical Resources",
    author = "Hartmann, Silvana  and
      Eckle-Kohler, Judith  and
      Gurevych, Iryna",
    journal = "Transactions of the Association for Computational Linguistics",
    volume = "4",
    year = "2016",
    url = "https://www.aclweb.org/anthology/Q16-1015",
    doi = "10.1162/tacl_a_00093",
    pages = "197--213",
}
@article{nguyen-etal-2016-j,
    title = "J-{NERD}: Joint Named Entity Recognition and Disambiguation with Rich Linguistic Features",
    author = "Nguyen, Dat Ba  and
      Theobald, Martin  and
      Weikum, Gerhard",
    journal = "Transactions of the Association for Computational Linguistics",
    volume = "4",
    year = "2016",
    url = "https://www.aclweb.org/anthology/Q16-1016",
    doi = "10.1162/tacl_a_00094",
    pages = "215--229",
}
@article{marcheggiani-titov-2016-discrete,
    title = "Discrete-State Variational Autoencoders for Joint Discovery and Factorization of Relations",
    author = "Marcheggiani, Diego  and
      Titov, Ivan",
    journal = "Transactions of the Association for Computational Linguistics",
    volume = "4",
    year = "2016",
    url = "https://www.aclweb.org/anthology/Q16-1017",
    doi = "10.1162/tacl_a_00095",
    pages = "231--244",
}
@article{stratos-etal-2016-unsupervised,
    title = "Unsupervised Part-Of-Speech Tagging with Anchor Hidden {M}arkov Models",
    author = "Stratos, Karl  and
      Collins, Michael  and
      Hsu, Daniel",
    journal = "Transactions of the Association for Computational Linguistics",
    volume = "4",
    year = "2016",
    url = "https://www.aclweb.org/anthology/Q16-1018",
    doi = "10.1162/tacl_a_00096",
    pages = "245--257",
}
@article{yin-etal-2016-abcnn,
    title = "{ABCNN}: Attention-Based Convolutional Neural Network for Modeling Sentence Pairs",
    author = {Yin, Wenpeng  and
      Sch{\"u}tze, Hinrich  and
      Xiang, Bing  and
      Zhou, Bowen},
    journal = "Transactions of the Association for Computational Linguistics",
    volume = "4",
    year = "2016",
    url = "https://www.aclweb.org/anthology/Q16-1019",
    doi = "10.1162/tacl_a_00097",
    pages = "259--272",
}
@article{hashimoto-etal-2016-word,
    title = "Word Embeddings as Metric Recovery in Semantic Spaces",
    author = "Hashimoto, Tatsunori B.  and
      Alvarez-Melis, David  and
      Jaakkola, Tommi S.",
    journal = "Transactions of the Association for Computational Linguistics",
    volume = "4",
    year = "2016",
    url = "https://www.aclweb.org/anthology/Q16-1020",
    doi = "10.1162/tacl_a_00098",
    pages = "273--286",
}
@article{schofield-mimno-2016-comparing,
    title = "Comparing Apples to Apple: The Effects of Stemmers on Topic Models",
    author = "Schofield, Alexandra  and
      Mimno, David",
    journal = "Transactions of the Association for Computational Linguistics",
    volume = "4",
    year = "2016",
    url = "https://www.aclweb.org/anthology/Q16-1021",
    doi = "10.1162/tacl_a_00099",
    pages = "287--300",
}
@article{agic-etal-2016-multilingual,
    title = "Multilingual Projection for Parsing Truly Low-Resource Languages",
    author = "Agi{\'c}, {\v{Z}}eljko  and
      Johannsen, Anders  and
      Plank, Barbara  and
      Mart{\'\i}nez Alonso, H{\'e}ctor  and
      Schluter, Natalie  and
      S{\o}gaard, Anders",
    journal = "Transactions of the Association for Computational Linguistics",
    volume = "4",
    year = "2016",
    url = "https://www.aclweb.org/anthology/Q16-1022",
    doi = "10.1162/tacl_a_00100",
    pages = "301--312",
}
@article{kiperwasser-goldberg-2016-simple,
    title = "Simple and Accurate Dependency Parsing Using Bidirectional {LSTM} Feature Representations",
    author = "Kiperwasser, Eliyahu  and
      Goldberg, Yoav",
    journal = "Transactions of the Association for Computational Linguistics",
    volume = "4",
    year = "2016",
    url = "https://www.aclweb.org/anthology/Q16-1023",
    doi = "10.1162/tacl_a_00101",
    pages = "313--327",
}
@article{pelemans-etal-2016-sparse,
    title = "Sparse Non-negative Matrix Language Modeling",
    author = "Pelemans, Joris  and
      Shazeer, Noam  and
      Chelba, Ciprian",
    journal = "Transactions of the Association for Computational Linguistics",
    volume = "4",
    year = "2016",
    url = "https://www.aclweb.org/anthology/Q16-1024",
    doi = "10.1162/tacl_a_00102",
    pages = "329--342",
}
@article{gulordava-merlo-2016-multi,
    title = "Multi-lingual Dependency Parsing Evaluation: a Large-scale Analysis of Word Order Properties using Artificial Data",
    author = "Gulordava, Kristina  and
      Merlo, Paola",
    journal = "Transactions of the Association for Computational Linguistics",
    volume = "4",
    year = "2016",
    url = "https://www.aclweb.org/anthology/Q16-1025",
    doi = "10.1162/tacl_a_00103",
    pages = "343--356",
}
@article{chiu-nichols-2016-named,
    title = "Named Entity Recognition with Bidirectional {LSTM}-{CNN}s",
    author = "Chiu, Jason P.C.  and
      Nichols, Eric",
    journal = "Transactions of the Association for Computational Linguistics",
    volume = "4",
    year = "2016",
    url = "https://www.aclweb.org/anthology/Q16-1026",
    doi = "10.1162/tacl_a_00104",
    pages = "357--370",
}
@article{zhou-etal-2016-deep,
    title = "Deep Recurrent Models with Fast-Forward Connections for Neural Machine Translation",
    author = "Zhou, Jie  and
      Cao, Ying  and
      Wang, Xuguang  and
      Li, Peng  and
      Xu, Wei",
    journal = "Transactions of the Association for Computational Linguistics",
    volume = "4",
    year = "2016",
    url = "https://www.aclweb.org/anthology/Q16-1027",
    doi = "10.1162/tacl_a_00105",
    pages = "371--383",
}
@article{arora-etal-2016-latent,
    title = "A Latent Variable Model Approach to {PMI}-based Word Embeddings",
    author = "Arora, Sanjeev  and
      Li, Yuanzhi  and
      Liang, Yingyu  and
      Ma, Tengyu  and
      Risteski, Andrej",
    journal = "Transactions of the Association for Computational Linguistics",
    volume = "4",
    year = "2016",
    url = "https://www.aclweb.org/anthology/Q16-1028",
    doi = "10.1162/tacl_a_00106",
    pages = "385--399",
}
@article{xu-etal-2016-optimizing,
    title = "Optimizing Statistical Machine Translation for Text Simplification",
    author = "Xu, Wei  and
      Napoles, Courtney  and
      Pavlick, Ellie  and
      Chen, Quanze  and
      Callison-Burch, Chris",
    journal = "Transactions of the Association for Computational Linguistics",
    volume = "4",
    year = "2016",
    url = "https://www.aclweb.org/anthology/Q16-1029",
    doi = "10.1162/tacl_a_00107",
    pages = "401--415",
}
@article{osborne-etal-2016-encoding,
    title = "Encoding Prior Knowledge with Eigenword Embeddings",
    author = "Osborne, Dominique  and
      Narayan, Shashi  and
      Cohen, Shay B.",
    journal = "Transactions of the Association for Computational Linguistics",
    volume = "4",
    year = "2016",
    url = "https://www.aclweb.org/anthology/Q16-1030",
    doi = "10.1162/tacl_a_00108",
    pages = "417--430",
}
@article{ammar-etal-2016-many,
    title = "Many Languages, One Parser",
    author = "Ammar, Waleed  and
      Mulcaire, George  and
      Ballesteros, Miguel  and
      Dyer, Chris  and
      Smith, Noah A.",
    journal = "Transactions of the Association for Computational Linguistics",
    volume = "4",
    year = "2016",
    url = "https://www.aclweb.org/anthology/Q16-1031",
    doi = "10.1162/tacl_a_00109",
    pages = "431--444",
}
@article{kiperwasser-goldberg-2016-easy,
    title = "Easy-First Dependency Parsing with Hierarchical Tree {LSTM}s",
    author = "Kiperwasser, Eliyahu  and
      Goldberg, Yoav",
    journal = "Transactions of the Association for Computational Linguistics",
    volume = "4",
    year = "2016",
    url = "https://www.aclweb.org/anthology/Q16-1032",
    doi = "10.1162/tacl_a_00110",
    pages = "445--461",
}
@article{althoff-etal-2016-large,
    title = "Large-scale Analysis of Counseling Conversations: An Application of Natural Language Processing to Mental Health",
    author = "Althoff, Tim  and
      Clark, Kevin  and
      Leskovec, Jure",
    journal = "Transactions of the Association for Computational Linguistics",
    volume = "4",
    year = "2016",
    url = "https://www.aclweb.org/anthology/Q16-1033",
    doi = "10.1162/tacl_a_00111",
    pages = "463--476",
}
@article{shareghi-etal-2016-fast,
    title = "Fast, Small and Exact: Infinite-order Language Modelling with Compressed Suffix Trees",
    author = "Shareghi, Ehsan  and
      Petri, Matthias  and
      Haffari, Gholamreza  and
      Cohn, Trevor",
    journal = "Transactions of the Association for Computational Linguistics",
    volume = "4",
    year = "2016",
    url = "https://www.aclweb.org/anthology/Q16-1034",
    doi = "10.1162/tacl_a_00112",
    pages = "477--490",
}
@article{wang-eisner-2016-galactic,
    title = "The Galactic Dependencies Treebanks: Getting More Data by Synthesizing New Languages",
    author = "Wang, Dingquan  and
      Eisner, Jason",
    journal = "Transactions of the Association for Computational Linguistics",
    volume = "4",
    year = "2016",
    url = "https://www.aclweb.org/anthology/Q16-1035",
    doi = "10.1162/tacl_a_00113",
    pages = "491--505",
}
@article{gorman-sproat-2016-minimally,
    title = "Minimally Supervised Number Normalization",
    author = "Gorman, Kyle  and
      Sproat, Richard",
    journal = "Transactions of the Association for Computational Linguistics",
    volume = "4",
    year = "2016",
    url = "https://www.aclweb.org/anthology/Q16-1036",
    doi = "10.1162/tacl_a_00114",
    pages = "507--519",
}
@article{linzen-etal-2016-assessing,
    title = "Assessing the Ability of {LSTM}s to Learn Syntax-Sensitive Dependencies",
    author = "Linzen, Tal  and
      Dupoux, Emmanuel  and
      Goldberg, Yoav",
    journal = "Transactions of the Association for Computational Linguistics",
    volume = "4",
    year = "2016",
    url = "https://www.aclweb.org/anthology/Q16-1037",
    doi = "10.1162/tacl_a_00115",
    pages = "521--535",
}
@article{goldwasser-zhang-2016-understanding,
    title = "Understanding Satirical Articles Using Common-Sense",
    author = "Goldwasser, Dan  and
      Zhang, Xiao",
    journal = "Transactions of the Association for Computational Linguistics",
    volume = "4",
    year = "2016",
    url = "https://www.aclweb.org/anthology/Q16-1038",
    doi = "10.1162/tacl_a_00116",
    pages = "537--549",
}
@article{tuan-etal-2016-utilizing,
    title = "Utilizing Temporal Information for Taxonomy Construction",
    author = "Tuan, Luu Anh  and
      Hui, Siu Cheung  and
      Ng, See Kiong",
    journal = "Transactions of the Association for Computational Linguistics",
    volume = "4",
    year = "2016",
    url = "https://www.aclweb.org/anthology/Q16-1039",
    doi = "10.1162/tacl_a_00117",
    pages = "551--564",
}
