@article{tacl-2017-transactions,
    title = "Transactions of the Association for Computational Linguistics, Volume 5",
    journal = "Transactions of the Association for Computational Linguistics",
    volume = "5",
    year = "2017",
}
@article{smith-etal-2017-evaluating,
    title = "Evaluating Visual Representations for Topic Understanding and Their Effects on Manually Generated Topic Labels",
    author = "Smith, Alison  and
      Lee, Tak Yeon  and
      Poursabzi-Sangdeh, Forough  and
      Boyd-Graber, Jordan  and
      Elmqvist, Niklas  and
      Findlater, Leah",
    journal = "Transactions of the Association for Computational Linguistics",
    volume = "5",
    year = "2017",
    url = "https://www.aclweb.org/anthology/Q17-1001",
    doi = "10.1162/tacl_a_00042",
    pages = "1--16",
}
@article{anderson-etal-2017-visually,
    title = "Visually Grounded and Textual Semantic Models Differentially Decode Brain Activity Associated with Concrete and Abstract Nouns",
    author = "Anderson, Andrew J.  and
      Kiela, Douwe  and
      Clark, Stephen  and
      Poesio, Massimo",
    journal = "Transactions of the Association for Computational Linguistics",
    volume = "5",
    year = "2017",
    url = "https://www.aclweb.org/anthology/Q17-1002",
    doi = "10.1162/tacl_a_00043",
    pages = "17--30",
}
@article{modi-etal-2017-modeling,
    title = "Modeling Semantic Expectation: Using Script Knowledge for Referent Prediction",
    author = "Modi, Ashutosh  and
      Titov, Ivan  and
      Demberg, Vera  and
      Sayeed, Asad  and
      Pinkal, Manfred",
    journal = "Transactions of the Association for Computational Linguistics",
    volume = "5",
    year = "2017",
    url = "https://www.aclweb.org/anthology/Q17-1003",
    doi = "10.1162/tacl_a_00044",
    pages = "31--44",
}
@article{liu-zhang-2017-shift,
    title = "Shift-Reduce Constituent Parsing with Neural Lookahead Features",
    author = "Liu, Jiangming  and
      Zhang, Yue",
    journal = "Transactions of the Association for Computational Linguistics",
    volume = "5",
    year = "2017",
    url = "https://www.aclweb.org/anthology/Q17-1004",
    doi = "10.1162/tacl_a_00045",
    pages = "45--58",
}
@article{chang-collins-2017-polynomial,
    title = "A Polynomial-Time Dynamic Programming Algorithm for Phrase-Based Decoding with a Fixed Distortion Limit",
    author = "Chang, Yin-Wen  and
      Collins, Michael",
    journal = "Transactions of the Association for Computational Linguistics",
    volume = "5",
    year = "2017",
    url = "https://www.aclweb.org/anthology/Q17-1005",
    doi = "10.1162/tacl_a_00046",
    pages = "59--71",
}
@article{futrell-etal-2017-generative,
    title = "A Generative Model of Phonotactics",
    author = "Futrell, Richard  and
      Albright, Adam  and
      Graff, Peter  and
      O{'}Donnell, Timothy J.",
    journal = "Transactions of the Association for Computational Linguistics",
    volume = "5",
    year = "2017",
    url = "https://www.aclweb.org/anthology/Q17-1006",
    doi = "10.1162/tacl_a_00047",
    pages = "73--86",
}
@article{tu-etal-2017-context,
    title = "Context Gates for Neural Machine Translation",
    author = "Tu, Zhaopeng  and
      Liu, Yang  and
      Lu, Zhengdong  and
      Liu, Xiaohua  and
      Li, Hang",
    journal = "Transactions of the Association for Computational Linguistics",
    volume = "5",
    year = "2017",
    url = "https://www.aclweb.org/anthology/Q17-1007",
    doi = "10.1162/tacl_a_00048",
    pages = "87--99",
}
@article{peng-etal-2017-cross,
    title = "Cross-Sentence N-ary Relation Extraction with Graph {LSTM}s",
    author = "Peng, Nanyun  and
      Poon, Hoifung  and
      Quirk, Chris  and
      Toutanova, Kristina  and
      Yih, Wen-tau",
    journal = "Transactions of the Association for Computational Linguistics",
    volume = "5",
    year = "2017",
    url = "https://www.aclweb.org/anthology/Q17-1008",
    doi = "10.1162/tacl_a_00049",
    pages = "101--115",
}
@article{dunietz-etal-2017-automatically,
    title = "Automatically Tagging Constructions of Causation and Their Slot-Fillers",
    author = "Dunietz, Jesse  and
      Levin, Lori  and
      Carbonell, Jaime",
    journal = "Transactions of the Association for Computational Linguistics",
    volume = "5",
    year = "2017",
    url = "https://www.aclweb.org/anthology/Q17-1009",
    doi = "10.1162/tacl_a_00050",
    pages = "117--133",
}
@article{bojanowski-etal-2017-enriching,
    title = "Enriching Word Vectors with Subword Information",
    author = "Bojanowski, Piotr  and
      Grave, Edouard  and
      Joulin, Armand  and
      Mikolov, Tomas",
    journal = "Transactions of the Association for Computational Linguistics",
    volume = "5",
    year = "2017",
    url = "https://www.aclweb.org/anthology/Q17-1010",
    doi = "10.1162/tacl_a_00051",
    pages = "135--146",
}
@article{wang-eisner-2017-fine,
    title = "Fine-Grained Prediction of Syntactic Typology: Discovering Latent Structure with Supervised Learning",
    author = "Wang, Dingquan  and
      Eisner, Jason",
    journal = "Transactions of the Association for Computational Linguistics",
    volume = "5",
    year = "2017",
    url = "https://www.aclweb.org/anthology/Q17-1011",
    doi = "10.1162/tacl_a_00052",
    pages = "147--161",
}
@article{teng-zhang-2017-head,
    title = "Head-Lexicalized Bidirectional Tree {LSTM}s",
    author = "Teng, Zhiyang  and
      Zhang, Yue",
    journal = "Transactions of the Association for Computational Linguistics",
    volume = "5",
    year = "2017",
    url = "https://www.aclweb.org/anthology/Q17-1012",
    doi = "10.1162/tacl_a_00053",
    pages = "163--177",
}
@article{fujii-etal-2017-nonparametric,
    title = "Nonparametric {B}ayesian Semi-supervised Word Segmentation",
    author = "Fujii, Ryo  and
      Domoto, Ryo  and
      Mochihashi, Daichi",
    journal = "Transactions of the Association for Computational Linguistics",
    volume = "5",
    year = "2017",
    url = "https://www.aclweb.org/anthology/Q17-1013",
    doi = "10.1162/tacl_a_00054",
    pages = "179--189",
}
@article{kim-etal-2017-joint,
    title = "Joint Modeling of Topics, Citations, and Topical Authority in Academic Corpora",
    author = "Kim, Jooyeon  and
      Kim, Dongwoo  and
      Oh, Alice",
    journal = "Transactions of the Association for Computational Linguistics",
    volume = "5",
    year = "2017",
    url = "https://www.aclweb.org/anthology/Q17-1014",
    doi = "10.1162/tacl_a_00055",
    pages = "191--204",
}
@article{martins-etal-2017-pushing,
    title = "Pushing the Limits of Translation Quality Estimation",
    author = "Martins, Andr{\'e} F. T.  and
      Junczys-Dowmunt, Marcin  and
      Kepler, Fabio N.  and
      Astudillo, Ram{\'o}n  and
      Hokamp, Chris  and
      Grundkiewicz, Roman",
    journal = "Transactions of the Association for Computational Linguistics",
    volume = "5",
    year = "2017",
    url = "https://www.aclweb.org/anthology/Q17-1015",
    doi = "10.1162/tacl_a_00056",
    pages = "205--218",
}
@article{wang-etal-2017-winning,
    title = "Winning on the Merits: The Joint Effects of Content and Style on Debate Outcomes",
    author = "Wang, Lu  and
      Beauchamp, Nick  and
      Shugars, Sarah  and
      Qin, Kechen",
    journal = "Transactions of the Association for Computational Linguistics",
    volume = "5",
    year = "2017",
    url = "https://www.aclweb.org/anthology/Q17-1016",
    doi = "10.1162/tacl_a_00057",
    pages = "219--232",
}
@article{dalvi-mishra-etal-2017-domain,
    title = "Domain-Targeted, High Precision Knowledge Extraction",
    author = "Dalvi Mishra, Bhavana  and
      Tandon, Niket  and
      Clark, Peter",
    journal = "Transactions of the Association for Computational Linguistics",
    volume = "5",
    year = "2017",
    url = "https://www.aclweb.org/anthology/Q17-1017",
    doi = "10.1162/tacl_a_00058",
    pages = "233--246",
}
@article{berend-2017-sparse,
    title = "Sparse Coding of Neural Word Embeddings for Multilingual Sequence Labeling",
    author = "Berend, G{\'a}bor",
    journal = "Transactions of the Association for Computational Linguistics",
    volume = "5",
    year = "2017",
    url = "https://www.aclweb.org/anthology/Q17-1018",
    doi = "10.1162/tacl_a_00059",
    pages = "247--261",
}
@article{vieira-eisner-2017-learning,
    title = "Learning to Prune: Exploring the Frontier of Fast and Accurate Parsing",
    author = "Vieira, Tim  and
      Eisner, Jason",
    journal = "Transactions of the Association for Computational Linguistics",
    volume = "5",
    year = "2017",
    url = "https://www.aclweb.org/anthology/Q17-1019",
    doi = "10.1162/tacl_a_00060",
    pages = "263--278",
}
@article{rasooli-collins-2017-cross,
    title = "Cross-Lingual Syntactic Transfer with Limited Resources",
    author = "Rasooli, Mohammad Sadegh  and
      Collins, Michael",
    journal = "Transactions of the Association for Computational Linguistics",
    volume = "5",
    year = "2017",
    url = "https://www.aclweb.org/anthology/Q17-1020",
    doi = "10.1162/tacl_a_00061",
    pages = "279--293",
}
@article{yang-eisenstein-2017-overcoming,
    title = "Overcoming Language Variation in Sentiment Analysis with Social Attention",
    author = "Yang, Yi  and
      Eisenstein, Jacob",
    journal = "Transactions of the Association for Computational Linguistics",
    volume = "5",
    year = "2017",
    url = "https://www.aclweb.org/anthology/Q17-1021",
    doi = "10.1162/tacl_a_00062",
    pages = "295--307",
}
@article{mrksic-etal-2017-semantic,
    title = "Semantic Specialization of Distributional Word Vector Spaces using Monolingual and Cross-Lingual Constraints",
    author = "Mrk{\v{s}}i{\'c}, Nikola  and
      Vuli{\'c}, Ivan  and
      {\'O} S{\'e}aghdha, Diarmuid  and
      Leviant, Ira  and
      Reichart, Roi  and
      Ga{\v{s}}i{\'c}, Milica  and
      Korhonen, Anna  and
      Young, Steve",
    journal = "Transactions of the Association for Computational Linguistics",
    volume = "5",
    year = "2017",
    url = "https://www.aclweb.org/anthology/Q17-1022",
    doi = "10.1162/tacl_a_00063",
    pages = "309--324",
}
@article{monroe-etal-2017-colors,
    title = "Colors in Context: A Pragmatic Neural Model for Grounded Language Understanding",
    author = "Monroe, Will  and
      Hawkins, Robert X.D.  and
      Goodman, Noah D.  and
      Potts, Christopher",
    journal = "Transactions of the Association for Computational Linguistics",
    volume = "5",
    year = "2017",
    url = "https://www.aclweb.org/anthology/Q17-1023",
    doi = "10.1162/tacl_a_00064",
    pages = "325--338",
}
@article{johnson-etal-2017-googles,
    title = "{G}oogle{'}s Multilingual Neural Machine Translation System: Enabling Zero-Shot Translation",
    author = "Johnson, Melvin  and
      Schuster, Mike  and
      Le, Quoc V.  and
      Krikun, Maxim  and
      Wu, Yonghui  and
      Chen, Zhifeng  and
      Thorat, Nikhil  and
      Vi{\'e}gas, Fernanda  and
      Wattenberg, Martin  and
      Corrado, Greg  and
      Hughes, Macduff  and
      Dean, Jeffrey",
    journal = "Transactions of the Association for Computational Linguistics",
    volume = "5",
    year = "2017",
    url = "https://www.aclweb.org/anthology/Q17-1024",
    doi = "10.1162/tacl_a_00065",
    pages = "339--351",
}
@article{luo-etal-2017-unsupervised,
    title = "Unsupervised Learning of Morphological Forests",
    author = "Luo, Jiaming  and
      Narasimhan, Karthik  and
      Barzilay, Regina",
    journal = "Transactions of the Association for Computational Linguistics",
    volume = "5",
    year = "2017",
    url = "https://www.aclweb.org/anthology/Q17-1025",
    doi = "10.1162/tacl_a_00066",
    pages = "353--364",
}
@article{lee-etal-2017-fully,
    title = "Fully Character-Level Neural Machine Translation without Explicit Segmentation",
    author = "Lee, Jason  and
      Cho, Kyunghyun  and
      Hofmann, Thomas",
    journal = "Transactions of the Association for Computational Linguistics",
    volume = "5",
    year = "2017",
    url = "https://www.aclweb.org/anthology/Q17-1026",
    doi = "10.1162/tacl_a_00067",
    pages = "365--378",
}
@article{zhang-etal-2017-ordinal,
    title = "Ordinal Common-sense Inference",
    author = "Zhang, Sheng  and
      Rudinger, Rachel  and
      Duh, Kevin  and
      Van Durme, Benjamin",
    journal = "Transactions of the Association for Computational Linguistics",
    volume = "5",
    year = "2017",
    url = "https://www.aclweb.org/anthology/Q17-1027",
    doi = "10.1162/tacl_a_00068",
    pages = "379--395",
}
@article{yamada-etal-2017-learning,
    title = "Learning Distributed Representations of Texts and Entities from Knowledge Base",
    author = "Yamada, Ikuya  and
      Shindo, Hiroyuki  and
      Takeda, Hideaki  and
      Takefuji, Yoshiyasu",
    journal = "Transactions of the Association for Computational Linguistics",
    volume = "5",
    year = "2017",
    url = "https://www.aclweb.org/anthology/Q17-1028",
    doi = "10.1162/tacl_a_00069",
    pages = "397--411",
}
@article{liu-zhang-2017-order,
    title = "In-Order Transition-based Constituent Parsing",
    author = "Liu, Jiangming  and
      Zhang, Yue",
    journal = "Transactions of the Association for Computational Linguistics",
    volume = "5",
    year = "2017",
    url = "https://www.aclweb.org/anthology/Q17-1029",
    doi = "10.1162/tacl_a_00070",
    pages = "413--424",
}
@article{richter-etal-2017-evaluating,
    title = "Evaluating Low-Level Speech Features Against Human Perceptual Data",
    author = "Richter, Caitlin  and
      Feldman, Naomi H.  and
      Salgado, Harini  and
      Jansen, Aren",
    journal = "Transactions of the Association for Computational Linguistics",
    volume = "5",
    year = "2017",
    url = "https://www.aclweb.org/anthology/Q17-1030",
    doi = "10.1162/tacl_a_00071",
    pages = "425--440",
}
@article{kummerfeld-klein-2017-parsing,
    title = "Parsing with Traces: An O(n4) Algorithm and a Structural Representation",
    author = "Kummerfeld, Jonathan K.  and
      Klein, Dan",
    journal = "Transactions of the Association for Computational Linguistics",
    volume = "5",
    year = "2017",
    url = "https://www.aclweb.org/anthology/Q17-1031",
    doi = "10.1162/tacl_a_00072",
    pages = "441--454",
}
@article{brooke-etal-2017-unsupervised,
    title = "Unsupervised Acquisition of Comprehensive Multiword Lexicons using Competition in an n-gram Lattice",
    author = "Brooke, Julian  and
      {\v{S}}najder, Jan  and
      Baldwin, Timothy",
    journal = "Transactions of the Association for Computational Linguistics",
    volume = "5",
    year = "2017",
    url = "https://www.aclweb.org/anthology/Q17-1032",
    doi = "10.1162/tacl_a_00073",
    pages = "455--470",
}
@article{dror-etal-2017-replicability,
    title = "Replicability Analysis for Natural Language Processing: Testing Significance with Multiple Datasets",
    author = "Dror, Rotem  and
      Baumer, Gili  and
      Bogomolov, Marina  and
      Reichart, Roi",
    journal = "Transactions of the Association for Computational Linguistics",
    volume = "5",
    year = "2017",
    url = "https://www.aclweb.org/anthology/Q17-1033",
    doi = "10.1162/tacl_a_00074",
    pages = "471--486",
}
@article{marie-fujita-2017-phrase,
    title = "Phrase Table Induction Using In-Domain Monolingual Data for Domain Adaptation in Statistical Machine Translation",
    author = "Marie, Benjamin  and
      Fujita, Atsushi",
    journal = "Transactions of the Association for Computational Linguistics",
    volume = "5",
    year = "2017",
    url = "https://www.aclweb.org/anthology/Q17-1034",
    doi = "10.1162/tacl_a_00075",
    pages = "487--500",
}
@article{mansouri-bigvand-etal-2017-joint,
    title = "Joint Prediction of Word Alignment with Alignment Types",
    author = "Mansouri Bigvand, Anahita  and
      Bu, Te  and
      Sarkar, Anoop",
    journal = "Transactions of the Association for Computational Linguistics",
    volume = "5",
    year = "2017",
    url = "https://www.aclweb.org/anthology/Q17-1035",
    doi = "10.1162/tacl_a_00076",
    pages = "501--514",
}
@article{zhang-etal-2017-aspect,
    title = "Aspect-augmented Adversarial Networks for Domain Adaptation",
    author = "Zhang, Yuan  and
      Barzilay, Regina  and
      Jaakkola, Tommi",
    journal = "Transactions of the Association for Computational Linguistics",
    volume = "5",
    year = "2017",
    url = "https://www.aclweb.org/anthology/Q17-1036",
    doi = "10.1162/tacl_a_00077",
    pages = "515--528",
}
@article{gallagher-etal-2017-anchored,
    title = "Anchored Correlation Explanation: Topic Modeling with Minimal Domain Knowledge",
    author = "Gallagher, Ryan J.  and
      Reing, Kyle  and
      Kale, David  and
      Ver Steeg, Greg",
    journal = "Transactions of the Association for Computational Linguistics",
    volume = "5",
    year = "2017",
    url = "https://www.aclweb.org/anthology/Q17-1037",
    doi = "10.1162/tacl_a_00078",
    pages = "529--542",
}
