@article{tacl-2018-transactions,
    title = "Transactions of the Association for Computational Linguistics, Volume 6",
    journal = "Transactions of the Association for Computational Linguistics",
    volume = "6",
    year = "2018",
}
@article{frermann-etal-2018-whodunnit,
    title = "Whodunnit? Crime Drama as a Case for Natural Language Understanding",
    author = "Frermann, Lea  and
      Cohen, Shay B.  and
      Lapata, Mirella",
    journal = "Transactions of the Association for Computational Linguistics",
    volume = "6",
    year = "2018",
    url = "https://www.aclweb.org/anthology/Q18-1001",
    doi = "10.1162/tacl_a_00001",
    pages = "1--15",
}
@article{angelidis-lapata-2018-multiple,
    title = "Multiple Instance Learning Networks for Fine-Grained Sentiment Analysis",
    author = "Angelidis, Stefanos  and
      Lapata, Mirella",
    journal = "Transactions of the Association for Computational Linguistics",
    volume = "6",
    year = "2018",
    url = "https://www.aclweb.org/anthology/Q18-1002",
    doi = "10.1162/tacl_a_00002",
    pages = "17--31",
}
@article{cotterell-schutze-2018-joint,
    title = "Joint Semantic Synthesis and Morphological Analysis of the Derived Word",
    author = {Cotterell, Ryan  and
      Sch{\"u}tze, Hinrich},
    journal = "Transactions of the Association for Computational Linguistics",
    volume = "6",
    year = "2018",
    url = "https://www.aclweb.org/anthology/Q18-1003",
    doi = "10.1162/tacl_a_00003",
    pages = "33--48",
}
@article{janner-etal-2018-representation,
    title = "Representation Learning for Grounded Spatial Reasoning",
    author = "Janner, Michael  and
      Narasimhan, Karthik  and
      Barzilay, Regina",
    journal = "Transactions of the Association for Computational Linguistics",
    volume = "6",
    year = "2018",
    url = "https://www.aclweb.org/anthology/Q18-1004",
    doi = "10.1162/tacl_a_00004",
    pages = "49--61",
}
@article{liu-lapata-2018-learning,
    title = "Learning Structured Text Representations",
    author = "Liu, Yang  and
      Lapata, Mirella",
    journal = "Transactions of the Association for Computational Linguistics",
    volume = "6",
    year = "2018",
    url = "https://www.aclweb.org/anthology/Q18-1005",
    doi = "10.1162/tacl_a_00005",
    pages = "63--75",
}
@article{reimers-etal-2018-event,
    title = "Event Time Extraction with a Decision Tree of Neural Classifiers",
    author = "Reimers, Nils  and
      Dehghani, Nazanin  and
      Gurevych, Iryna",
    journal = "Transactions of the Association for Computational Linguistics",
    volume = "6",
    year = "2018",
    url = "https://www.aclweb.org/anthology/Q18-1006",
    doi = "10.1162/tacl_a_00006",
    pages = "77--89",
}
@article{somasundaran-etal-2018-towards,
    title = "Towards Evaluating Narrative Quality In Student Writing",
    author = "Somasundaran, Swapna  and
      Flor, Michael  and
      Chodorow, Martin  and
      Molloy, Hillary  and
      Gyawali, Binod  and
      McCulla, Laura",
    journal = "Transactions of the Association for Computational Linguistics",
    volume = "6",
    year = "2018",
    url = "https://www.aclweb.org/anthology/Q18-1007",
    doi = "10.1162/tacl_a_00007",
    pages = "91--106",
}
@article{antoniak-mimno-2018-evaluating,
    title = "Evaluating the Stability of Embedding-based Word Similarities",
    author = "Antoniak, Maria  and
      Mimno, David",
    journal = "Transactions of the Association for Computational Linguistics",
    volume = "6",
    year = "2018",
    url = "https://www.aclweb.org/anthology/Q18-1008",
    doi = "10.1162/tacl_a_00008",
    pages = "107--119",
}
@article{zayats-ostendorf-2018-conversation,
    title = "Conversation Modeling on {R}eddit Using a Graph-Structured {LSTM}",
    author = "Zayats, Victoria  and
      Ostendorf, Mari",
    journal = "Transactions of the Association for Computational Linguistics",
    volume = "6",
    year = "2018",
    url = "https://www.aclweb.org/anthology/Q18-1009",
    doi = "10.1162/tacl_a_00009",
    pages = "121--132",
}
@article{collell-moens-2018-learning,
    title = "Learning Representations Specialized in Spatial Knowledge: Leveraging Language and Vision",
    author = "Collell, Guillem  and
      Moens, Marie-Francine",
    journal = "Transactions of the Association for Computational Linguistics",
    volume = "6",
    year = "2018",
    url = "https://www.aclweb.org/anthology/Q18-1010",
    doi = "10.1162/tacl_a_00010",
    pages = "133--144",
}
@article{zheng-etal-2018-modeling,
    title = "Modeling Past and Future for Neural Machine Translation",
    author = "Zheng, Zaixiang  and
      Zhou, Hao  and
      Huang, Shujian  and
      Mou, Lili  and
      Dai, Xinyu  and
      Chen, Jiajun  and
      Tu, Zhaopeng",
    journal = "Transactions of the Association for Computational Linguistics",
    volume = "6",
    year = "2018",
    url = "https://www.aclweb.org/anthology/Q18-1011",
    doi = "10.1162/tacl_a_00011",
    pages = "145--157",
}
@article{roy-roth-2018-mapping,
    title = "Mapping to Declarative Knowledge for Word Problem Solving",
    author = "Roy, Subhro  and
      Roth, Dan",
    journal = "Transactions of the Association for Computational Linguistics",
    volume = "6",
    year = "2018",
    url = "https://www.aclweb.org/anthology/Q18-1012",
    doi = "10.1162/tacl_a_00012",
    pages = "159--172",
}
@article{long-etal-2018-video,
    title = "Video Captioning with Multi-Faceted Attention",
    author = "Long, Xiang  and
      Gan, Chuang  and
      de Melo, Gerard",
    journal = "Transactions of the Association for Computational Linguistics",
    volume = "6",
    year = "2018",
    url = "https://www.aclweb.org/anthology/Q18-1013",
    doi = "10.1162/tacl_a_00013",
    pages = "173--184",
}
@article{aldarmaki-etal-2018-unsupervised,
    title = "Unsupervised Word Mapping Using Structural Similarities in Monolingual Embeddings",
    author = "Aldarmaki, Hanan  and
      Mohan, Mahesh  and
      Diab, Mona",
    journal = "Transactions of the Association for Computational Linguistics",
    volume = "6",
    year = "2018",
    url = "https://www.aclweb.org/anthology/Q18-1014",
    doi = "10.1162/tacl_a_00014",
    pages = "185--196",
}
@article{sedghi-sabharwal-2018-knowledge,
    title = "Knowledge Completion for Generics using Guided Tensor Factorization",
    author = "Sedghi, Hanie  and
      Sabharwal, Ashish",
    journal = "Transactions of the Association for Computational Linguistics",
    volume = "6",
    year = "2018",
    url = "https://www.aclweb.org/anthology/Q18-1015",
    doi = "10.1162/tacl_a_00015",
    pages = "197--210",
}
@article{jin-etal-2018-unsupervised,
    title = "Unsupervised Grammar Induction with Depth-bounded {PCFG}",
    author = "Jin, Lifeng  and
      Doshi-Velez, Finale  and
      Miller, Timothy  and
      Schuler, William  and
      Schwartz, Lane",
    journal = "Transactions of the Association for Computational Linguistics",
    volume = "6",
    year = "2018",
    url = "https://www.aclweb.org/anthology/Q18-1016",
    doi = "10.1162/tacl_a_00016",
    pages = "211--224",
}
@article{kiperwasser-ballesteros-2018-scheduled,
    title = "Scheduled Multi-Task Learning: From Syntax to Translation",
    author = "Kiperwasser, Eliyahu  and
      Ballesteros, Miguel",
    journal = "Transactions of the Association for Computational Linguistics",
    volume = "6",
    year = "2018",
    url = "https://www.aclweb.org/anthology/Q18-1017",
    doi = "10.1162/tacl_a_00017",
    pages = "225--240",
}
@article{crane-2018-questionable,
    title = "Questionable Answers in Question Answering Research: Reproducibility and Variability of Published Results",
    author = "Crane, Matt",
    journal = "Transactions of the Association for Computational Linguistics",
    volume = "6",
    year = "2018",
    url = "https://www.aclweb.org/anthology/Q18-1018",
    doi = "10.1162/tacl_a_00018",
    pages = "241--252",
}
@article{williams-etal-2018-latent,
    title = "Do latent tree learning models identify meaningful structure in sentences?",
    author = "Williams, Adina  and
      Drozdov, Andrew  and
      Bowman, Samuel R.",
    journal = "Transactions of the Association for Computational Linguistics",
    volume = "6",
    year = "2018",
    url = "https://www.aclweb.org/anthology/Q18-1019",
    doi = "10.1162/tacl_a_00019",
    pages = "253--267",
}
@article{mudinas-etal-2018-bootstrap,
    title = "Bootstrap Domain-Specific Sentiment Classifiers from Unlabeled Corpora",
    author = "Mudinas, Andrius  and
      Zhang, Dell  and
      Levene, Mark",
    journal = "Transactions of the Association for Computational Linguistics",
    volume = "6",
    year = "2018",
    url = "https://www.aclweb.org/anthology/Q18-1020",
    doi = "10.1162/tacl_a_00020",
    pages = "269--285",
}
@article{welbl-etal-2018-constructing,
    title = "Constructing Datasets for Multi-hop Reading Comprehension Across Documents",
    author = "Welbl, Johannes  and
      Stenetorp, Pontus  and
      Riedel, Sebastian",
    journal = "Transactions of the Association for Computational Linguistics",
    volume = "6",
    year = "2018",
    url = "https://www.aclweb.org/anthology/Q18-1021",
    doi = "10.1162/tacl_a_00021",
    pages = "287--302",
}
@article{kunchukuttan-etal-2018-leveraging,
    title = "Leveraging Orthographic Similarity for Multilingual Neural Transliteration",
    author = "Kunchukuttan, Anoop  and
      Khapra, Mitesh  and
      Singh, Gurneet  and
      Bhattacharyya, Pushpak",
    journal = "Transactions of the Association for Computational Linguistics",
    volume = "6",
    year = "2018",
    url = "https://www.aclweb.org/anthology/Q18-1022",
    doi = "10.1162/tacl_a_00022",
    pages = "303--316",
}
@article{kocisky-etal-2018-narrativeqa,
    title = "The {N}arrative{QA} Reading Comprehension Challenge",
    author = "Ko{\v{c}}isk{\'y}, Tom{\'a}{\v{s}}  and
      Schwarz, Jonathan  and
      Blunsom, Phil  and
      Dyer, Chris  and
      Hermann, Karl Moritz  and
      Melis, G{\'a}bor  and
      Grefenstette, Edward",
    journal = "Transactions of the Association for Computational Linguistics",
    volume = "6",
    year = "2018",
    url = "https://www.aclweb.org/anthology/Q18-1023",
    doi = "10.1162/tacl_a_00023",
    pages = "317--328",
}
@article{rabinovich-etal-2018-native,
    title = "Native Language Cognate Effects on Second Language Lexical Choice",
    author = "Rabinovich, Ella  and
      Tsvetkov, Yulia  and
      Wintner, Shuly",
    journal = "Transactions of the Association for Computational Linguistics",
    volume = "6",
    year = "2018",
    url = "https://www.aclweb.org/anthology/Q18-1024",
    doi = "10.1162/tacl_a_00024",
    pages = "329--342",
}
@article{laparra-etal-2018-characters,
    title = "From Characters to Time Intervals: New Paradigms for Evaluation and Neural Parsing of Time Normalizations",
    author = "Laparra, Egoitz  and
      Xu, Dongfang  and
      Bethard, Steven",
    journal = "Transactions of the Association for Computational Linguistics",
    volume = "6",
    year = "2018",
    url = "https://www.aclweb.org/anthology/Q18-1025",
    doi = "10.1162/tacl_a_00025",
    pages = "343--356",
}
@article{simpson-gurevych-2018-finding,
    title = "Finding Convincing Arguments Using Scalable {B}ayesian Preference Learning",
    author = "Simpson, Edwin  and
      Gurevych, Iryna",
    journal = "Transactions of the Association for Computational Linguistics",
    volume = "6",
    year = "2018",
    url = "https://www.aclweb.org/anthology/Q18-1026",
    doi = "10.1162/tacl_a_00026",
    pages = "357--371",
}
@article{niu-bansal-2018-polite,
    title = "Polite Dialogue Generation Without Parallel Data",
    author = "Niu, Tong  and
      Bansal, Mohit",
    journal = "Transactions of the Association for Computational Linguistics",
    volume = "6",
    year = "2018",
    url = "https://www.aclweb.org/anthology/Q18-1027",
    doi = "10.1162/tacl_a_00027",
    pages = "373--389",
}
@article{jurgens-etal-2018-measuring,
    title = "Measuring the Evolution of a Scientific Field through Citation Frames",
    author = "Jurgens, David  and
      Kumar, Srijan  and
      Hoover, Raine  and
      McFarland, Dan  and
      Jurafsky, Dan",
    journal = "Transactions of the Association for Computational Linguistics",
    volume = "6",
    year = "2018",
    url = "https://www.aclweb.org/anthology/Q18-1028",
    doi = "10.1162/tacl_a_00028",
    pages = "391--406",
}
@article{tu-etal-2018-learning,
    title = "Learning to Remember Translation History with a Continuous Cache",
    author = "Tu, Zhaopeng  and
      Liu, Yang  and
      Shi, Shuming  and
      Zhang, Tong",
    journal = "Transactions of the Association for Computational Linguistics",
    volume = "6",
    year = "2018",
    url = "https://www.aclweb.org/anthology/Q18-1029",
    doi = "10.1162/tacl_a_00029",
    pages = "407--420",
}
@article{shao-etal-2018-universal,
    title = "Universal Word Segmentation: Implementation and Interpretation",
    author = "Shao, Yan  and
      Hardmeier, Christian  and
      Nivre, Joakim",
    journal = "Transactions of the Association for Computational Linguistics",
    volume = "6",
    year = "2018",
    url = "https://www.aclweb.org/anthology/Q18-1030",
    doi = "10.1162/tacl_a_00033",
    pages = "421--435",
}
@article{guu-etal-2018-generating,
    title = "Generating Sentences by Editing Prototypes",
    author = "Guu, Kelvin  and
      Hashimoto, Tatsunori B.  and
      Oren, Yonatan  and
      Liang, Percy",
    journal = "Transactions of the Association for Computational Linguistics",
    volume = "6",
    year = "2018",
    url = "https://www.aclweb.org/anthology/Q18-1031",
    doi = "10.1162/tacl_a_00030",
    pages = "437--450",
}
@article{gerz-etal-2018-language,
    title = "Language Modeling for Morphologically Rich Languages: Character-Aware Modeling for Word-Level Prediction",
    author = "Gerz, Daniela  and
      Vuli{\'c}, Ivan  and
      Ponti, Edoardo  and
      Naradowsky, Jason  and
      Reichart, Roi  and
      Korhonen, Anna",
    journal = "Transactions of the Association for Computational Linguistics",
    volume = "6",
    year = "2018",
    url = "https://www.aclweb.org/anthology/Q18-1032",
    doi = "10.1162/tacl_a_00032",
    pages = "451--465",
}
@article{prabhakaran-etal-2018-detecting,
    title = "Detecting Institutional Dialog Acts in Police Traffic Stops",
    author = "Prabhakaran, Vinodkumar  and
      Griffiths, Camilla  and
      Su, Hang  and
      Verma, Prateek  and
      Morgan, Nelson  and
      Eberhardt, Jennifer L.  and
      Jurafsky, Dan",
    journal = "Transactions of the Association for Computational Linguistics",
    volume = "6",
    year = "2018",
    url = "https://www.aclweb.org/anthology/Q18-1033",
    doi = "10.1162/tacl_a_00031",
    pages = "467--481",
}
@article{arora-etal-2018-linear,
    title = "Linear Algebraic Structure of Word Senses, with Applications to Polysemy",
    author = "Arora, Sanjeev  and
      Li, Yuanzhi  and
      Liang, Yingyu  and
      Ma, Tengyu  and
      Risteski, Andrej",
    journal = "Transactions of the Association for Computational Linguistics",
    volume = "6",
    year = "2018",
    url = "https://www.aclweb.org/anthology/Q18-1034",
    doi = "10.1162/tacl_a_00034",
    pages = "483--495",
}
@article{jaech-ostendorf-2018-low,
    title = "Low-Rank {RNN} Adaptation for Context-Aware Language Modeling",
    author = "Jaech, Aaron  and
      Ostendorf, Mari",
    journal = "Transactions of the Association for Computational Linguistics",
    volume = "6",
    year = "2018",
    url = "https://www.aclweb.org/anthology/Q18-1035",
    doi = "10.1162/tacl_a_00035",
    pages = "497--510",
}
@article{buckman-neubig-2018-neural,
    title = "Neural Lattice Language Models",
    author = "Buckman, Jacob  and
      Neubig, Graham",
    journal = "Transactions of the Association for Computational Linguistics",
    volume = "6",
    year = "2018",
    url = "https://www.aclweb.org/anthology/Q18-1036",
    doi = "10.1162/tacl_a_00036",
    pages = "529--541",
}
@article{khani-etal-2018-planning,
    title = "Planning, Inference and Pragmatics in Sequential Language Games",
    author = "Khani, Fereshte  and
      Goodman, Noah D.  and
      Liang, Percy",
    journal = "Transactions of the Association for Computational Linguistics",
    volume = "6",
    year = "2018",
    url = "https://www.aclweb.org/anthology/Q18-1037",
    doi = "10.1162/tacl_a_00037",
    pages = "543--555",
}
@article{zhang-etal-2018-probabilistic,
    title = "Probabilistic Verb Selection for Data-to-Text Generation",
    author = "Zhang, Dell  and
      Yuan, Jiahao  and
      Wang, Xiaoling  and
      Foster, Adam",
    journal = "Transactions of the Association for Computational Linguistics",
    volume = "6",
    year = "2018",
    url = "https://www.aclweb.org/anthology/Q18-1038",
    doi = "10.1162/tacl_a_00038",
    pages = "511--527",
}
@article{chen-etal-2018-adversarial,
    title = "Adversarial Deep Averaging Networks for Cross-Lingual Sentiment Classification",
    author = "Chen, Xilun  and
      Sun, Yu  and
      Athiwaratkun, Ben  and
      Cardie, Claire  and
      Weinberger, Kilian",
    journal = "Transactions of the Association for Computational Linguistics",
    volume = "6",
    year = "2018",
    url = "https://www.aclweb.org/anthology/Q18-1039",
    doi = "10.1162/tacl_a_00039",
    pages = "557--570",
}
@article{paun-etal-2018-comparing,
    title = "Comparing {B}ayesian Models of Annotation",
    author = "Paun, Silviu  and
      Carpenter, Bob  and
      Chamberlain, Jon  and
      Hovy, Dirk  and
      Kruschwitz, Udo  and
      Poesio, Massimo",
    journal = "Transactions of the Association for Computational Linguistics",
    volume = "6",
    year = "2018",
    url = "https://www.aclweb.org/anthology/Q18-1040",
    doi = "10.1162/tacl_a_00040",
    pages = "571--585",
}
@article{bender-friedman-2018-data,
    title = "Data Statements for Natural Language Processing: Toward Mitigating System Bias and Enabling Better Science",
    author = "Bender, Emily M.  and
      Friedman, Batya",
    journal = "Transactions of the Association for Computational Linguistics",
    volume = "6",
    year = "2018",
    url = "https://www.aclweb.org/anthology/Q18-1041",
    doi = "10.1162/tacl_a_00041",
    pages = "587--604",
}
@article{webster-etal-2018-mind,
    title = "Mind the {GAP}: A Balanced Corpus of Gendered Ambiguous Pronouns",
    author = "Webster, Kellie  and
      Recasens, Marta  and
      Axelrod, Vera  and
      Baldridge, Jason",
    journal = "Transactions of the Association for Computational Linguistics",
    volume = "6",
    year = "2018",
    url = "https://www.aclweb.org/anthology/Q18-1042",
    doi = "10.1162/tacl_a_00240",
    pages = "605--617",
}
@article{van-noord-etal-2018-exploring,
    title = "Exploring Neural Methods for Parsing Discourse Representation Structures",
    author = "van Noord, Rik  and
      Abzianidze, Lasha  and
      Toral, Antonio  and
      Bos, Johan",
    journal = "Transactions of the Association for Computational Linguistics",
    volume = "6",
    year = "2018",
    url = "https://www.aclweb.org/anthology/Q18-1043",
    doi = "10.1162/tacl_a_00241",
    pages = "619--633",
}
@article{pu-etal-2018-integrating,
    title = "Integrating Weakly Supervised Word Sense Disambiguation into Neural Machine Translation",
    author = "Pu, Xiao  and
      Pappas, Nikolaos  and
      Henderson, James  and
      Popescu-Belis, Andrei",
    journal = "Transactions of the Association for Computational Linguistics",
    volume = "6",
    year = "2018",
    url = "https://www.aclweb.org/anthology/Q18-1044",
    doi = "10.1162/tacl_a_00242",
    pages = "635--649",
}
@article{kirov-cotterell-2018-recurrent,
    title = "Recurrent Neural Networks in Linguistic Theory: Revisiting Pinker and Prince (1988) and the Past Tense Debate",
    author = "Kirov, Christo  and
      Cotterell, Ryan",
    journal = "Transactions of the Association for Computational Linguistics",
    volume = "6",
    year = "2018",
    url = "https://www.aclweb.org/anthology/Q18-1045",
    doi = "10.1162/tacl_a_00247",
    pages = "651--665",
}
@article{wang-eisner-2018-surface,
    title = "Surface Statistics of an Unknown Language Indicate How to Parse It",
    author = "Wang, Dingquan  and
      Eisner, Jason",
    journal = "Transactions of the Association for Computational Linguistics",
    volume = "6",
    year = "2018",
    url = "https://www.aclweb.org/anthology/Q18-1046",
    doi = "10.1162/tacl_a_00248",
    pages = "667--685",
}
@article{yin-schutze-2018-attentive,
    title = "Attentive Convolution: Equipping {CNN}s with {RNN}-style Attention Mechanisms",
    author = {Yin, Wenpeng  and
      Sch{\"u}tze, Hinrich},
    journal = "Transactions of the Association for Computational Linguistics",
    volume = "6",
    year = "2018",
    url = "https://www.aclweb.org/anthology/Q18-1047",
    doi = "10.1162/tacl_a_00249",
    pages = "687--702",
}
@article{hosseini-etal-2018-learning,
    title = "Learning Typed Entailment Graphs with Global Soft Constraints",
    author = "Hosseini, Mohammad Javad  and
      Chambers, Nathanael  and
      Reddy, Siva  and
      Holt, Xavier R.  and
      Cohen, Shay B.  and
      Johnson, Mark  and
      Steedman, Mark",
    journal = "Transactions of the Association for Computational Linguistics",
    volume = "6",
    year = "2018",
    url = "https://www.aclweb.org/anthology/Q18-1048",
    doi = "10.1162/tacl_a_00250",
    pages = "703--717",
}
