@article{tacl-2019-transactions,
    title = "Transactions of the Association for Computational Linguistics, Volume 7",
    journal = "Transactions of the Association for Computational Linguistics",
    volume = "7",
    month = mar,
    year = "2019",
}
@article{rozovskaya-roth-2019-grammar,
    title = "Grammar Error Correction in Morphologically Rich Languages: The Case of {R}ussian",
    author = "Rozovskaya, Alla  and
      Roth, Dan",
    journal = "Transactions of the Association for Computational Linguistics",
    volume = "7",
    month = mar,
    year = "2019",
    url = "https://www.aclweb.org/anthology/Q19-1001",
    doi = "10.1162/tacl_a_00251",
    pages = "1--17",
}
@article{song-etal-2019-semantic,
    title = "Semantic Neural Machine Translation Using {AMR}",
    author = "Song, Linfeng  and
      Gildea, Daniel  and
      Zhang, Yue  and
      Wang, Zhiguo  and
      Su, Jinsong",
    journal = "Transactions of the Association for Computational Linguistics",
    volume = "7",
    month = mar,
    year = "2019",
    url = "https://www.aclweb.org/anthology/Q19-1002",
    doi = "10.1162/tacl_a_00252",
    pages = "19--31",
}
@article{more-etal-2019-joint,
    title = "Joint Transition-Based Models for Morpho-Syntactic Parsing: Parsing Strategies for {MRL}s and a Case Study from Modern {H}ebrew",
    author = "More, Amir  and
      Seker, Amit  and
      Basmova, Victoria  and
      Tsarfaty, Reut",
    journal = "Transactions of the Association for Computational Linguistics",
    volume = "7",
    month = mar,
    year = "2019",
    url = "https://www.aclweb.org/anthology/Q19-1003",
    doi = "10.1162/tacl_a_00253",
    pages = "33--48",
}
@article{belinkov-glass-2019-analysis,
    title = "Analysis Methods in Neural Language Processing: A Survey",
    author = "Belinkov, Yonatan  and
      Glass, James",
    journal = "Transactions of the Association for Computational Linguistics",
    volume = "7",
    month = mar,
    year = "2019",
    url = "https://www.aclweb.org/anthology/Q19-1004",
    doi = "10.1162/tacl_a_00254",
    pages = "49--72",
}
@article{coavoux-etal-2019-unlexicalized,
    title = "Unlexicalized Transition-based Discontinuous Constituency Parsing",
    author = "Coavoux, Maximin  and
      Crabb{\'e}, Beno{\^\i}t  and
      Cohen, Shay B.",
    journal = "Transactions of the Association for Computational Linguistics",
    volume = "7",
    month = mar,
    year = "2019",
    url = "https://www.aclweb.org/anthology/Q19-1005",
    doi = "10.1162/tacl_a_00255",
    pages = "73--89",
}
@article{zhou-etal-2019-synchronous,
    title = "Synchronous Bidirectional Neural Machine Translation",
    author = "Zhou, Long  and
      Zhang, Jiajun  and
      Zong, Chengqing",
    journal = "Transactions of the Association for Computational Linguistics",
    volume = "7",
    month = mar,
    year = "2019",
    url = "https://www.aclweb.org/anthology/Q19-1006",
    doi = "10.1162/tacl_a_00256",
    pages = "91--105",
}
@article{jawanpuria-etal-2019-learning,
    title = "Learning Multilingual Word Embeddings in Latent Metric Space: A Geometric Approach",
    author = "Jawanpuria, Pratik  and
      Balgovind, Arjun  and
      Kunchukuttan, Anoop  and
      Mishra, Bamdev",
    journal = "Transactions of the Association for Computational Linguistics",
    volume = "7",
    month = mar,
    year = "2019",
    url = "https://www.aclweb.org/anthology/Q19-1007",
    doi = "10.1162/tacl_a_00257",
    pages = "107--120",
}
@article{dangovski-etal-2019-rotational,
    title = "Rotational Unit of Memory: A Novel Representation Unit for {RNN}s with Scalable Applications",
    author = "Dangovski, Rumen  and
      Jing, Li  and
      Nakov, Preslav  and
      Tatalovi{\'c}, Mi{\'c}o  and
      Solja{\v{c}}i{\'c}, Marin",
    journal = "Transactions of the Association for Computational Linguistics",
    volume = "7",
    month = mar,
    year = "2019",
    url = "https://www.aclweb.org/anthology/Q19-1008",
    doi = "10.1162/tacl_a_00258",
    pages = "121--138",
}
@article{pappas-henderson-2019-gile,
    title = "{GILE}: A Generalized Input-Label Embedding for Text Classification",
    author = "Pappas, Nikolaos  and
      Henderson, James",
    journal = "Transactions of the Association for Computational Linguistics",
    volume = "7",
    month = mar,
    year = "2019",
    url = "https://www.aclweb.org/anthology/Q19-1009",
    doi = "10.1162/tacl_a_00259",
    pages = "139--155",
}
@article{chandlee-jardine-2019-autosegmental,
    title = "Autosegmental Input Strictly Local Functions",
    author = "Chandlee, Jane  and
      Jardine, Adam",
    journal = "Transactions of the Association for Computational Linguistics",
    volume = "7",
    month = mar,
    year = "2019",
    url = "https://www.aclweb.org/anthology/Q19-1010",
    doi = "10.1162/tacl_a_00260",
    pages = "157--168",
}
@article{arnold-etal-2019-sector,
    title = "{SECTOR}: A Neural Model for Coherent Topic Segmentation and Classification",
    author = {Arnold, Sebastian  and
      Schneider, Rudolf  and
      Cudr{\'e}-Mauroux, Philippe  and
      Gers, Felix A.  and
      L{\"o}ser, Alexander},
    journal = "Transactions of the Association for Computational Linguistics",
    volume = "7",
    month = mar,
    year = "2019",
    url = "https://www.aclweb.org/anthology/Q19-1011",
    doi = "10.1162/tacl_a_00261",
    pages = "169--184",
}
@article{saha-etal-2019-complex,
    title = "Complex Program Induction for Querying Knowledge Bases in the Absence of Gold Programs",
    author = "Saha, Amrita  and
      Ansari, Ghulam Ahmed  and
      Laddha, Abhishek  and
      Sankaranarayanan, Karthik  and
      Chakrabarti, Soumen",
    journal = "Transactions of the Association for Computational Linguistics",
    volume = "7",
    month = mar,
    year = "2019",
    url = "https://www.aclweb.org/anthology/Q19-1012",
    doi = "10.1162/tacl_a_00262",
    pages = "185--200",
}
@article{kim-etal-2019-categorical,
    title = "Categorical Metadata Representation for Customized Text Classification",
    author = "Kim, Jihyeok  and
      Amplayo, Reinald Kim  and
      Lee, Kyungjae  and
      Sung, Sua  and
      Seo, Minji  and
      Hwang, Seung-won",
    journal = "Transactions of the Association for Computational Linguistics",
    volume = "7",
    month = mar,
    year = "2019",
    url = "https://www.aclweb.org/anthology/Q19-1013",
    doi = "10.1162/tacl_a_00263",
    pages = "201--215",
}
@article{sun-etal-2019-dream,
    title = "{DREAM}: A Challenge Data Set and Models for Dialogue-Based Reading Comprehension",
    author = "Sun, Kai  and
      Yu, Dian  and
      Chen, Jianshu  and
      Yu, Dong  and
      Choi, Yejin  and
      Cardie, Claire",
    journal = "Transactions of the Association for Computational Linguistics",
    volume = "7",
    month = mar,
    year = "2019",
    url = "https://www.aclweb.org/anthology/Q19-1014",
    doi = "10.1162/tacl_a_00264",
    pages = "217--231",
}
@article{jehl-etal-2019-learning,
    title = "Learning Neural Sequence-to-Sequence Models from Weak Feedback with Bipolar Ramp Loss",
    author = "Jehl, Laura  and
      Lawrence, Carolin  and
      Riezler, Stefan",
    journal = "Transactions of the Association for Computational Linguistics",
    volume = "7",
    month = mar,
    year = "2019",
    url = "https://www.aclweb.org/anthology/Q19-1015",
    doi = "10.1162/tacl_a_00265",
    pages = "233--248",
}
@article{reddy-etal-2019-coqa,
    title = "{C}o{QA}: A Conversational Question Answering Challenge",
    author = "Reddy, Siva  and
      Chen, Danqi  and
      Manning, Christopher D.",
    journal = "Transactions of the Association for Computational Linguistics",
    volume = "7",
    month = mar,
    year = "2019",
    url = "https://www.aclweb.org/anthology/Q19-1016",
    doi = "10.1162/tacl_a_00266",
    pages = "249--266",
}
@article{zeng-etal-2019-say,
    title = "What You Say and How You Say it: Joint Modeling of Topics and Discourse in Microblog Conversations",
    author = "Zeng, Jichuan  and
      Li, Jing  and
      He, Yulan  and
      Gao, Cuiyun  and
      Lyu, Michael R.  and
      King, Irwin",
    journal = "Transactions of the Association for Computational Linguistics",
    volume = "7",
    month = mar,
    year = "2019",
    url = "https://www.aclweb.org/anthology/Q19-1017",
    doi = "10.1162/tacl_a_00267",
    pages = "267--281",
}
@article{nederhof-2019-calculating,
    title = "Calculating the Optimal Step in Shift-Reduce Dependency Parsing: From Cubic to Linear Time",
    author = "Nederhof, Mark-Jan",
    journal = "Transactions of the Association for Computational Linguistics",
    volume = "7",
    month = mar,
    year = "2019",
    url = "https://www.aclweb.org/anthology/Q19-1018",
    doi = "10.1162/tacl_a_00268",
    pages = "283--296",
}
@article{guo-etal-2019-densely,
    title = "Densely Connected Graph Convolutional Networks for Graph-to-Sequence Learning",
    author = "Guo, Zhijiang  and
      Zhang, Yan  and
      Teng, Zhiyang  and
      Lu, Wei",
    journal = "Transactions of the Association for Computational Linguistics",
    volume = "7",
    month = mar,
    year = "2019",
    url = "https://www.aclweb.org/anthology/Q19-1019",
    doi = "10.1162/tacl_a_00269",
    pages = "297--312",
}
@article{sperber-etal-2019-attention,
    title = "Attention-Passing Models for Robust and Data-Efficient End-to-End Speech Translation",
    author = "Sperber, Matthias  and
      Neubig, Graham  and
      Niehues, Jan  and
      Waibel, Alex",
    journal = "Transactions of the Association for Computational Linguistics",
    volume = "7",
    month = mar,
    year = "2019",
    url = "https://www.aclweb.org/anthology/Q19-1020",
    doi = "10.1162/tacl_a_00270",
    pages = "313--325",
}
@article{cotterell-etal-2019-complexity,
    title = "On the Complexity and Typology of Inflectional Morphological Systems",
    author = "Cotterell, Ryan  and
      Kirov, Christo  and
      Hulden, Mans  and
      Eisner, Jason",
    journal = "Transactions of the Association for Computational Linguistics",
    volume = "7",
    month = mar,
    year = "2019",
    url = "https://www.aclweb.org/anthology/Q19-1021",
    doi = "10.1162/tacl_a_00271",
    pages = "327--342",
}
@article{cai-lapata-2019-syntax,
    title = "Syntax-aware Semantic Role Labeling without Parsing",
    author = "Cai, Rui  and
      Lapata, Mirella",
    journal = "Transactions of the Association for Computational Linguistics",
    volume = "7",
    month = mar,
    year = "2019",
    url = "https://www.aclweb.org/anthology/Q19-1022",
    doi = "10.1162/tacl_a_00272",
    pages = "343--356",
}
@article{li-etal-2019-generative,
    title = "A Generative Model for Punctuation in Dependency Trees",
    author = "Li, Xiang Lisa  and
      Wang, Dingquan  and
      Eisner, Jason",
    journal = "Transactions of the Association for Computational Linguistics",
    volume = "7",
    month = mar,
    year = "2019",
    url = "https://www.aclweb.org/anthology/Q19-1023",
    doi = "10.1162/tacl_a_00273",
    pages = "357--373",
}
@article{rajendran-etal-2019-learning,
    title = "Learning End-to-End Goal-Oriented Dialog with Maximal User Task Success and Minimal Human Agent Use",
    author = "Rajendran, Janarthanan  and
      Ganhotra, Jatin  and
      Polymenakos, Lazaros C.",
    journal = "Transactions of the Association for Computational Linguistics",
    volume = "7",
    month = mar,
    year = "2019",
    url = "https://www.aclweb.org/anthology/Q19-1024",
    doi = "10.1162/tacl_a_00274",
    pages = "375--386",
}
@article{dima-etal-2019-word,
    title = "No Word is an Island{---}A Transformation Weighting Model for Semantic Composition",
    author = {Dima, Corina  and
      de Kok, Dani{\"e}l  and
      Witte, Neele  and
      Hinrichs, Erhard},
    journal = "Transactions of the Association for Computational Linguistics",
    volume = "7",
    month = mar,
    year = "2019",
    url = "https://www.aclweb.org/anthology/Q19-1025",
    doi = "10.1162/tacl_a_00275",
    pages = "437--451",
}
@article{kwiatkowski-etal-2019-natural,
    title = "Natural Questions: A Benchmark for Question Answering Research",
    author = "Kwiatkowski, Tom  and
      Palomaki, Jennimaria  and
      Redfield, Olivia  and
      Collins, Michael  and
      Parikh, Ankur  and
      Alberti, Chris  and
      Epstein, Danielle  and
      Polosukhin, Illia  and
      Devlin, Jacob  and
      Lee, Kenton  and
      Toutanova, Kristina  and
      Jones, Llion  and
      Kelcey, Matthew  and
      Chang, Ming-Wei  and
      Dai, Andrew M.  and
      Uszkoreit, Jakob  and
      Le, Quoc  and
      Petrov, Slav",
    journal = "Transactions of the Association for Computational Linguistics",
    volume = "7",
    month = mar,
    year = "2019",
    url = "https://www.aclweb.org/anthology/Q19-1026",
    doi = "10.1162/tacl_a_00276",
    pages = "453--466",
}
@article{shwartz-dagan-2019-still,
    title = "Still a Pain in the Neck: Evaluating Text Representations on Lexical Composition",
    author = "Shwartz, Vered  and
      Dagan, Ido",
    journal = "Transactions of the Association for Computational Linguistics",
    volume = "7",
    month = mar,
    year = "2019",
    url = "https://www.aclweb.org/anthology/Q19-1027",
    doi = "10.1162/tacl_a_00277",
    pages = "403--419",
}
@article{azpiazu-pera-2019-multiattentive,
    title = "Multiattentive Recurrent Neural Network Architecture for Multilingual Readability Assessment",
    author = "Azpiazu, Ion Madrazo  and
      Pera, Maria Soledad",
    journal = "Transactions of the Association for Computational Linguistics",
    volume = "7",
    month = mar,
    year = "2019",
    url = "https://www.aclweb.org/anthology/Q19-1028",
    doi = "10.1162/tacl_a_00278",
    pages = "421--436",
}
@article{wallace-etal-2019-trick,
    title = "Trick Me If You Can: Human-in-the-Loop Generation of Adversarial Examples for Question Answering",
    author = "Wallace, Eric  and
      Rodriguez, Pedro  and
      Feng, Shi  and
      Yamada, Ikuya  and
      Boyd-Graber, Jordan",
    journal = "Transactions of the Association for Computational Linguistics",
    volume = "7",
    month = mar,
    year = "2019",
    url = "https://www.aclweb.org/anthology/Q19-1029",
    doi = "10.1162/tacl_a_00279",
    pages = "387--401",
}
