@INPROCEEDINGS{SocialNLP-027,
   AUTHOR = {Hsu, Chao-Chun and Ku, Lun-Wei},
   SORTNAME = {Hsu, Chao-Chun and Ku, Lun-Wei},
   TITLE = {SocialNLP 2018 EmotionX Challenge Overview: Recognizing Emotions in Dialogues}}
@INPROCEEDINGS{SocialNLP-009,
   AUTHOR = {Stowe, Kevin and Anderson, Jennings and Palmer, Martha and Palen, Leysia and Anderson, Ken},
   SORTNAME = {Stowe, Kevin and Anderson, Jennings and Palmer, Martha and Palen, Leysia and Anderson, Ken},
   TITLE = {Improving Classification of Twitter Behavior During Hurricane Events}}
@INPROCEEDINGS{SocialNLP-011,
   AUTHOR = {Bilbao-Jayo, Aritz and Almeida, Aitor},
   SORTNAME = {Bilbao-Jayo, Aritz and Almeida, Aitor},
   TITLE = {Political discourse classification in social networks using context sensitive convolutional neural networks}}
@INPROCEEDINGS{SocialNLP-006,
   AUTHOR = {Mathur, Puneet and Shah, Rajiv and Sawhney, Ramit and Mahata, Debanjan},
   SORTNAME = {Mathur, Puneet and Shah, Rajiv and Sawhney, Ramit and Mahata, Debanjan},
   TITLE = {Detecting Offensive Tweets in Hindi-English Code-Switched Language}}
@INPROCEEDINGS{SocialNLP-026,
   AUTHOR = {Torres, Johnny},
   SORTNAME = {Torres, Johnny},
   TITLE = {EmotionX-JTML: Detecting emotions with Attention}}
@INPROCEEDINGS{SocialNLP-008,
   AUTHOR = {Singh, Kushagra and Sen, Indira and Kumaraguru, Ponnurangam},
   SORTNAME = {Singh, Kushagra and Sen, Indira and Kumaraguru, Ponnurangam},
   TITLE = {A Twitter Corpus for Hindi-English Code Mixed POS Tagging}}
@INPROCEEDINGS{SocialNLP-021,
   AUTHOR = {Luo, Linkai and Yang, Haiqin and Chin, Francis Y. L.},
   SORTNAME = {Luo, Linkai and Yang, Haiqin and Chin, Francis Y. L.},
   TITLE = {EmotionX-DLC: Self-Attentive BiLSTM for Detecting Sequential Emotions in Dialogues}}
@INPROCEEDINGS{SocialNLP-024,
   AUTHOR = {AlBalooshi, Hessa and Rahmanian, Shahram and Venkatesh Kumar, Rahul},
   SORTNAME = {AlBalooshi, Hessa and Rahmanian, Shahram and Venkatesh Kumar, Rahul},
   TITLE = {EmotionX-SmartDubai\_NLP: Detecting User Emotions In Social Media Text}}
@INPROCEEDINGS{SocialNLP-004,
   AUTHOR = {Dorantes, Alejandro and Sierra, Gerardo and Donohue Pérez, Tlauhlia Yamín and Bel-Enguix, Gemma and Jasso Rosales, Mónica},
   SORTNAME = {Dorantes, Alejandro and Sierra, Gerardo and Donohue Perez, Tlauhlia Yamin and Bel-Enguix, Gemma and Jasso Rosales, Monica},
   TITLE = {Sociolinguistic Corpus of WhatsApp Chats in Spanish among College Students}}
@INPROCEEDINGS{SocialNLP-015,
   AUTHOR = {Parupalli, Sreekavitha and Anvesh Rao, Vijjini and Mamidi, Radhika},
   SORTNAME = {Parupalli, Sreekavitha and Anvesh Rao, Vijjini and Mamidi, Radhika},
   TITLE = {Towards Automation of Sense-type Identification of Verbs in OntoSenseNet}}
@INPROCEEDINGS{SocialNLP-013,
   AUTHOR = {Castro, Santiago and Chiruzzo, Luis and Rosá, Aiala and Garat, Diego and Moncecchi, Guillermo},
   SORTNAME = {Castro, Santiago and Chiruzzo, Luis and Rosa, Aiala and Garat, Diego and Moncecchi, Guillermo},
   TITLE = {A Crowd-Annotated Spanish Corpus for Humor Analysis}}
@INPROCEEDINGS{SocialNLP-022,
   AUTHOR = {Khosla, Sopan},
   SORTNAME = {Khosla, Sopan},
   TITLE = {EmotionX-AR: CNN-DCNN autoencoder based Emotion Classifier}}
@INPROCEEDINGS{SocialNLP-025,
   AUTHOR = {Saxena, Rohit and Bhat, Savita and Pedanekar, Niranjan},
   SORTNAME = {Saxena, Rohit and Bhat, Savita and Pedanekar, Niranjan},
   TITLE = {EmotionX-Area66: Predicting Emotions in Dialogues using Hierarchical Attention Network with Sequence Labeling}}
