@INPROCEEDINGS{papers-797,
   AUTHOR = {Salle, Alexandre and Villavicencio, Aline},
   SORTNAME = {Salle, Alexandre and Villavicencio, Aline},
   TITLE = {Restricted Recurrent Neural Tensor Networks: Exploiting Word Frequency and Compositionality}}
@INPROCEEDINGS{papers-338,
   AUTHOR = {Wang, Weiyue and Zhu, Derui and Alkhouli, Tamer and Gan, Zixuan and Ney, Hermann},
   SORTNAME = {Wang, Weiyue and Zhu, Derui and Alkhouli, Tamer and Gan, Zixuan and Ney, Hermann},
   TITLE = {Neural Hidden Markov Model for Machine Translation}}
@INPROCEEDINGS{papers-300,
   AUTHOR = {Kuang, Shaohui and Li, Junhui and Branco, António and Luo, Weihua and Xiong, Deyi},
   SORTNAME = {Kuang, Shaohui and Li, Junhui and Branco, Antonio and Luo, Weihua and Xiong, Deyi},
   TITLE = {Attention Focusing for Neural Machine Translation by Bridging Source and Target Embeddings}}
@INPROCEEDINGS{papers-1638,
   AUTHOR = {Shnarch, Eyal and Alzate, Carlos and Dankin, Lena and Gleize, Martin and Hou, Yufang and Choshen, Leshem and Aharonov, Ranit and Slonim, Noam},
   SORTNAME = {Shnarch, Eyal and Alzate, Carlos and Dankin, Lena and Gleize, Martin and Hou, Yufang and Choshen, Leshem and Aharonov, Ranit and Slonim, Noam},
   TITLE = {Will it Blend? Blending Weak and Strong Labeled Data in a Neural Network for Argumentation Mining}}
@INPROCEEDINGS{papers-092,
   AUTHOR = {Xin, Xin and Yuan, Fajie and He, Xiangnan and Jose, Joemon M},
   SORTNAME = {Xin, Xin and Yuan, Fajie and He, Xiangnan and Jose, Joemon M},
   TITLE = {Batch IS NOT Heavy: Learning Word Representations From All Samples}}
@INPROCEEDINGS{papers-1051,
   AUTHOR = {Kodner, Jordan and Cerezo Falco, Christopher},
   SORTNAME = {Kodner, Jordan and Cerezo Falco, Christopher},
   TITLE = {A Framework for Representing Language Acquisition in a Population Setting}}
@INPROCEEDINGS{papers-1607,
   AUTHOR = {Zou, Yanyan and Lu, Wei},
   SORTNAME = {Zou, Yanyan and Lu, Wei},
   TITLE = {Learning Cross-lingual Distributed Logical Representations for Semantic Parsing}}
@INPROCEEDINGS{papers-336,
   AUTHOR = {Zhao, Yue and Jin, Xiaolong and Wang, Yuanzhuo and Cheng, Xueqi},
   SORTNAME = {Zhao, Yue and Jin, Xiaolong and Wang, Yuanzhuo and Cheng, Xueqi},
   TITLE = {Document Embedding Enhanced Event Detection with Hierarchical and Supervised Attention}}
@INPROCEEDINGS{papers-938,
   AUTHOR = {Min, Sewon and Zhong, Victor and Socher, Richard and Xiong, Caiming},
   SORTNAME = {Min, Sewon and Zhong, Victor and Socher, Richard and Xiong, Caiming},
   TITLE = {Efficient and Robust Question Answering from Minimal Context over Documents}}
@INPROCEEDINGS{papers-1058,
   AUTHOR = {Jia, Yanyan and Ye, Yuan and Feng, Yansong and Lai, Yuxuan and Yan, Rui and Zhao, Dongyan},
   SORTNAME = {Jia, Yanyan and Ye, Yuan and Feng, Yansong and Lai, Yuxuan and Yan, Rui and Zhao, Dongyan},
   TITLE = {Modeling discourse cohesion for discourse parsing via memory network}}
@INPROCEEDINGS{papers-1093,
   AUTHOR = {Ning, Qiang and Wu, Hao and Roth, Dan},
   SORTNAME = {Ning, Qiang and Wu, Hao and Roth, Dan},
   TITLE = {A Multi-Axis Annotation Scheme for Event Temporal Relations}}
@INPROCEEDINGS{papers-068,
   AUTHOR = {Wang, Yansen and Liu, Chenyi and Huang, Minlie and Nie, Liqiang},
   SORTNAME = {Wang, Yansen and Liu, Chenyi and Huang, Minlie and Nie, Liqiang},
   TITLE = {Learning to Ask Questions in Open-domain Conversational Systems with Typed Decoders}}
@INPROCEEDINGS{papers-593,
   AUTHOR = {Hangya, Viktor and Braune, Fabienne and Fraser, Alexander and Schütze, Hinrich},
   SORTNAME = {Hangya, Viktor and Braune, Fabienne and Fraser, Alexander and Schutze, Hinrich},
   TITLE = {Two Methods for Domain Adaptation of Bilingual Tasks: Delightfully Simple and Broadly Applicable}}
@INPROCEEDINGS{papers-1299,
   AUTHOR = {Fried, Daniel and Klein, Dan},
   SORTNAME = {Fried, Daniel and Klein, Dan},
   TITLE = {Policy Gradient as a Proxy for Dynamic Oracles in Constituency Parsing}}
@INPROCEEDINGS{papers-057,
   AUTHOR = {Cozma, Madalina and Butnaru, Andrei and Ionescu, Radu Tudor},
   SORTNAME = {Cozma, Madalina and Butnaru, Andrei and Ionescu, Radu Tudor},
   TITLE = {Automated essay scoring with string kernels and word embeddings}}
@INPROCEEDINGS{papers-1636,
   AUTHOR = {Mihaylov, Todor and Frank, Anette},
   SORTNAME = {Mihaylov, Todor and Frank, Anette},
   TITLE = {Knowledgeable Reader: Enhancing Cloze-Style Reading Comprehension with External Commonsense Knowledge}}
@INPROCEEDINGS{papers-1094,
   AUTHOR = {Meng, Yuanliang and Rumshisky, Anna},
   SORTNAME = {Meng, Yuanliang and Rumshisky, Anna},
   TITLE = {Context-Aware Neural Model for Temporal Information Extraction}}
@INPROCEEDINGS{papers-1034,
   AUTHOR = {Jaidka, Kokil and Chhaya, Niyati and Ungar, Lyle},
   SORTNAME = {Jaidka, Kokil and Chhaya, Niyati and Ungar, Lyle},
   TITLE = {Diachronic degradation of language models: Insights from social media}}
@INPROCEEDINGS{papers-168,
   AUTHOR = {Ruder, Sebastian and Plank, Barbara},
   SORTNAME = {Ruder, Sebastian and Plank, Barbara},
   TITLE = {Strong Baselines for Neural Semi-Supervised Learning under Domain Shift}}
@INPROCEEDINGS{papers-739,
   AUTHOR = {Sharma, Raksha and Bhattacharyya, Pushpak and Dandapat, Sandipan and Bhatt, Himanshu Sharad},
   SORTNAME = {Sharma, Raksha and Bhattacharyya, Pushpak and Dandapat, Sandipan and Bhatt, Himanshu Sharad},
   TITLE = {Identifying Transferable Information Across Domains for Cross-domain Sentiment Classification}}
@INPROCEEDINGS{papers-1457,
   AUTHOR = {Li, Yitong and Baldwin, Timothy and Cohn, Trevor},
   SORTNAME = {Li, Yitong and Baldwin, Timothy and Cohn, Trevor},
   TITLE = {Towards Robust and Privacy-preserving Text Representations}}
@INPROCEEDINGS{papers-396,
   AUTHOR = {Li, Shen and Zhao, Zhe and Hu, Renfen and Li, Wensi and Liu, Tao and Du, Xiaoyong},
   SORTNAME = {Li, Shen and Zhao, Zhe and Hu, Renfen and Li, Wensi and Liu, Tao and Du, Xiaoyong},
   TITLE = {Analogical Reasoning on Chinese Morphological and Semantic Relations}}
@INPROCEEDINGS{papers-1005,
   AUTHOR = {Shang, Guokan and Ding, Wensi and Zhang, Zekun and Tixier, Antoine and Meladianos, Polykarpos and Vazirgiannis, Michalis and Lorré, Jean-Pierre},
   SORTNAME = {Shang, Guokan and Ding, Wensi and Zhang, Zekun and Tixier, Antoine and Meladianos, Polykarpos and Vazirgiannis, Michalis and Lorre, Jean-Pierre},
   TITLE = {Unsupervised Abstractive Meeting Summarization with Multi-Sentence Compression and Budgeted Submodular Maximization}}
@INPROCEEDINGS{papers-035,
   AUTHOR = {Yin, Pengcheng and Zhou, Chunting and He, Junxian and Neubig, Graham},
   SORTNAME = {Yin, Pengcheng and Zhou, Chunting and He, Junxian and Neubig, Graham},
   TITLE = {StructVAE: Tree-structured Latent Variable Models for Semi-supervised Semantic Parsing}}
@INPROCEEDINGS{papers-1298,
   AUTHOR = {Artetxe, Mikel and Labaka, Gorka and Agirre, Eneko},
   SORTNAME = {Artetxe, Mikel and Labaka, Gorka and Agirre, Eneko},
   TITLE = {A robust self-learning method for fully unsupervised cross-lingual mappings of word embeddings}}
@INPROCEEDINGS{papers-102,
   AUTHOR = {Wu, Yu and Wu, Wei and Li, Zhoujun and Zhou, Ming},
   SORTNAME = {Wu, Yu and Wu, Wei and Li, Zhoujun and Zhou, Ming},
   TITLE = {Learning Matching Models with Weak Supervision for Response Selection in Retrieval-based Chatbots}}
@INPROCEEDINGS{papers-1095,
   AUTHOR = {Ning, Qiang and Feng, Zhili and Wu, Hao and Roth, Dan},
   SORTNAME = {Ning, Qiang and Feng, Zhili and Wu, Hao and Roth, Dan},
   TITLE = {Joint Reasoning for Temporal and Causal Relations}}
@INPROCEEDINGS{papers-1253,
   AUTHOR = {Labutov, Igor and Yang, Bishan and Prakash, Anusha and Azaria, Amos},
   SORTNAME = {Labutov, Igor and Yang, Bishan and Prakash, Anusha and Azaria, Amos},
   TITLE = {Multi-Relational Question Answering from Narratives: Machine Reading and Reasoning in Simulated Worlds}}
@INPROCEEDINGS{papers-1637,
   AUTHOR = {Rashkin, Hannah and Sap, Maarten and Allaway, Emily and Smith, Noah A. and Choi, Yejin},
   SORTNAME = {Rashkin, Hannah and Sap, Maarten and Allaway, Emily and Smith, Noah A. and Choi, Yejin},
   TITLE = {Event2Mind: Commonsense Inference on Events, Intents, and Reactions}}
@INPROCEEDINGS{papers-595,
   AUTHOR = {Murty, Shikhar and Verga, Patrick and Vilnis, Luke and Radovanovic, Irena and McCallum, Andrew},
   SORTNAME = {Murty, Shikhar and Verga, Patrick and Vilnis, Luke and Radovanovic, Irena and McCallum, Andrew},
   TITLE = {Hierarchical Losses and New Resources for Fine-grained Entity Typing and Linking}}
@INPROCEEDINGS{papers-561,
   AUTHOR = {Liu, Lizhen and Zhang, Donghai and Song, Wei},
   SORTNAME = {Liu, Lizhen and Zhang, Donghai and Song, Wei},
   TITLE = {Modeling Sentiment Association in Discourse for Humor Recognition}}
@INPROCEEDINGS{papers-1630,
   AUTHOR = {Zhang, Justine and Chang, Jonathan and Danescu-Niculescu-Mizil, Cristian and Dixon, Lucas and Hua, Yiqing and Taraborelli, Dario and Thain, Nithum},
   SORTNAME = {Zhang, Justine and Chang, Jonathan and Danescu-Niculescu-Mizil, Cristian and Dixon, Lucas and Hua, Yiqing and Taraborelli, Dario and Thain, Nithum},
   TITLE = {Conversations Gone Awry: Detecting Early Signs of Conversational Failure}}
@INPROCEEDINGS{papers-308,
   AUTHOR = {Wang, Xin and Chen, Wenhu and Wang, Yuan-Fang and Wang, William Yang},
   SORTNAME = {Wang, Xin and Chen, Wenhu and Wang, Yuan-Fang and Wang, William Yang},
   TITLE = {No Metrics Are Perfect: Adversarial Reward Learning for Visual Storytelling}}
@INPROCEEDINGS{papers-557,
   AUTHOR = {Levy, Omer and Lee, Kenton and FitzGerald, Nicholas and Zettlemoyer, Luke},
   SORTNAME = {Levy, Omer and Lee, Kenton and FitzGerald, Nicholas and Zettlemoyer, Luke},
   TITLE = {Long Short-Term Memory as a Dynamically Computed Element-wise Weighted Sum}}
@INPROCEEDINGS{papers-1262,
   AUTHOR = {Ustalov, Dmitry and Panchenko, Alexander and Kutuzov, Andrey and Biemann, Chris and Ponzetto, Simone Paolo},
   SORTNAME = {Ustalov, Dmitry and Panchenko, Alexander and Kutuzov, Andrey and Biemann, Chris and Ponzetto, Simone Paolo},
   TITLE = {Unsupervised Semantic Frame Induction using Triclustering}}
@INPROCEEDINGS{papers-1050,
   AUTHOR = {Ponti, Edoardo Maria and Reichart, Roi and Korhonen, Anna and Vulić, Ivan},
   SORTNAME = {Ponti, Edoardo Maria and Reichart, Roi and Korhonen, Anna and Vulic, Ivan},
   TITLE = {Isomorphic Transfer of Syntactic Structures in Cross-Lingual NLP}}
@INPROCEEDINGS{papers-1606,
   AUTHOR = {Shibata, Tomohide and Kurohashi, Sadao},
   SORTNAME = {Shibata, Tomohide and Kurohashi, Sadao},
   TITLE = {Entity-Centric Joint Modeling of Japanese Coreference Resolution and Predicate Argument Structure Analysis}}
@INPROCEEDINGS{papers-1296,
   AUTHOR = {Guo, Han and Pasunuru, Ramakanth and Bansal, Mohit},
   SORTNAME = {Guo, Han and Pasunuru, Ramakanth and Bansal, Mohit},
   TITLE = {Soft Layer-Specific Multi-Task Summarization with Entailment and Question Generation}}
@INPROCEEDINGS{papers-568,
   AUTHOR = {Lin, Hongyu and Lu, Yaojie and Han, Xianpei and Sun, Le},
   SORTNAME = {Lin, Hongyu and Lu, Yaojie and Han, Xianpei and Sun, Le},
   TITLE = {Adaptive Scaling for Sparse Detection in Information Extraction}}
@INPROCEEDINGS{papers-134,
   AUTHOR = {Zhang, Haichao and Yu, Haonan and Xu, Wei},
   SORTNAME = {Zhang, Haichao and Yu, Haonan and Xu, Wei},
   TITLE = {Interactive Language Acquisition with One-shot Visual Concept Learning through a Conversational Game}}
@INPROCEEDINGS{papers-762,
   AUTHOR = {Ataman, Duygu and Federico, Marcello},
   SORTNAME = {Ataman, Duygu and Federico, Marcello},
   TITLE = {Compositional Representation of Morphologically-Rich Input for Neural Machine Translation}}
@INPROCEEDINGS{papers-1291,
   AUTHOR = {Rahimi, Afshin and Cohn, Trevor and Baldwin, Timothy},
   SORTNAME = {Rahimi, Afshin and Cohn, Trevor and Baldwin, Timothy},
   TITLE = {Semi-supervised User Geolocation via Graph Convolutional Networks}}
@INPROCEEDINGS{papers-094,
   AUTHOR = {Johnson, Mark and Anderson, Peter and Dras, Mark and Steedman, Mark},
   SORTNAME = {Johnson, Mark and Anderson, Peter and Dras, Mark and Steedman, Mark},
   TITLE = {Predicting accuracy on large datasets from smaller pilot data}}
@INPROCEEDINGS{papers-937,
   AUTHOR = {Blevins, Terra and Levy, Omer and Zettlemoyer, Luke},
   SORTNAME = {Blevins, Terra and Levy, Omer and Zettlemoyer, Luke},
   TITLE = {Deep RNNs Encode Soft Hierarchical Syntax}}
@INPROCEEDINGS{papers-1601,
   AUTHOR = {Takahashi, Ryo and Tian, Ran and Inui, Kentaro},
   SORTNAME = {Takahashi, Ryo and Tian, Ran and Inui, Kentaro},
   TITLE = {Interpretable and Compositional Relation Learning by Joint Training with an Autoencoder}}
@INPROCEEDINGS{papers-034,
   AUTHOR = {Zhou, Xiangyang and Li, Lu and Dong, Daxiang and Liu, Yi and Chen, Ying and Zhao, Wayne Xin and Yu, Dianhai and Wu, Hua},
   SORTNAME = {Zhou, Xiangyang and Li, Lu and Dong, Daxiang and Liu, Yi and Chen, Ying and Zhao, Wayne Xin and Yu, Dianhai and Wu, Hua},
   TITLE = {Multi-Turn Response Selection for Chatbots with Deep Attention Matching Network}}
@INPROCEEDINGS{papers-1003,
   AUTHOR = {Du, Xinya and Cardie, Claire},
   SORTNAME = {Du, Xinya and Cardie, Claire},
   TITLE = {Harvesting Paragraph-level Question-Answer Pairs from Wikipedia}}
@INPROCEEDINGS{papers-1460,
   AUTHOR = {Ebrahimi, Javid and Rao, Anyi and Lowd, Daniel and Dou, Dejing},
   SORTNAME = {Ebrahimi, Javid and Rao, Anyi and Lowd, Daniel and Dou, Dejing},
   TITLE = {HotFlip: White-Box Adversarial Examples for Text Classification}}
@INPROCEEDINGS{papers-964,
   AUTHOR = {Sahin, Gozde Gul and Steedman, Mark},
   SORTNAME = {Sahin, Gozde Gul and Steedman, Mark},
   TITLE = {Character-Level Models versus Morphology in Semantic Role Labeling}}
@INPROCEEDINGS{papers-193,
   AUTHOR = {Ma, Chunpeng and Tamura, Akihiro and Utiyama, Masao and Zhao, Tiejun and Sumita, Eiichiro},
   SORTNAME = {Ma, Chunpeng and Tamura, Akihiro and Utiyama, Masao and Zhao, Tiejun and Sumita, Eiichiro},
   TITLE = {Forest-Based Neural Machine Translation}}
@INPROCEEDINGS{papers-1456,
   AUTHOR = {Amplayo, Reinald Kim and Kim, Jihyeok and Sung, Sua and Hwang, Seung-won},
   SORTNAME = {Amplayo, Reinald Kim and Kim, Jihyeok and Sung, Sua and Hwang, Seung-won},
   TITLE = {Cold-Start Aware User and Product Attention for Sentiment Classification}}
@INPROCEEDINGS{papers-1200,
   AUTHOR = {Srivastava, Shashank and Jojic, Nebojsa},
   SORTNAME = {Srivastava, Shashank and Jojic, Nebojsa},
   TITLE = {A Spatial Model for Extracting and Visualizing Latent Discourse Structure in Text}}
@INPROCEEDINGS{papers-952,
   AUTHOR = {Peng, Xiaochang and Song, Linfeng and Gildea, Daniel and Satta, Giorgio},
   SORTNAME = {Peng, Xiaochang and Song, Linfeng and Gildea, Daniel and Satta, Giorgio},
   TITLE = {Sequence-to-sequence Models for Cache Transition Systems}}
@INPROCEEDINGS{papers-1469,
   AUTHOR = {Wang, Wei and Yan, Ming and Wu, Chen},
   SORTNAME = {Wang, Wei and Yan, Ming and Wu, Chen},
   TITLE = {Multi-Granularity Hierarchical Attention Fusion Networks for Reading Comprehension and Question Answering}}
@INPROCEEDINGS{papers-707,
   AUTHOR = {Jameel, Shoaib and Bouraoui, Zied and Schockaert, Steven},
   SORTNAME = {Jameel, Shoaib and Bouraoui, Zied and Schockaert, Steven},
   TITLE = {Unsupervised Learning of Distributional Relation Vectors}}
@INPROCEEDINGS{papers-1238,
   AUTHOR = {Khandelwal, Urvashi and He, He and Qi, Peng and Jurafsky, Dan},
   SORTNAME = {Khandelwal, Urvashi and He, He and Qi, Peng and Jurafsky, Dan},
   TITLE = {Sharp Nearby, Fuzzy Far Away: How Neural Language Models Use Context}}
@INPROCEEDINGS{papers-686,
   AUTHOR = {Kampman, Onno and J. Barezi, Elham and Bertero, Dario and Fung, Pascale},
   SORTNAME = {Kampman, Onno and J. Barezi, Elham and Bertero, Dario and Fung, Pascale},
   TITLE = {Investigating Audio, Video, and Text Fusion Methods for End-to-End Automatic Personality Prediction}}
@INPROCEEDINGS{papers-211,
   AUTHOR = {Hida, Rem and Takeishi, Naoya and Yairi, Takehisa and Hori, Koichi},
   SORTNAME = {Hida, Rem and Takeishi, Naoya and Yairi, Takehisa and Hori, Koichi},
   TITLE = {Dynamic and Static Topic Model for Analyzing Time-Series Document Collections}}
@INPROCEEDINGS{papers-1372,
   AUTHOR = {Han, Jialong and Song, Yan and Zhao, Wayne Xin and Shi, Shuming and Zhang, Haisong},
   SORTNAME = {Han, Jialong and Song, Yan and Zhao, Wayne Xin and Shi, Shuming and Zhang, Haisong},
   TITLE = {hyperdoc2vec: Distributed Representations of Hypertext Documents}}
@INPROCEEDINGS{papers-1149,
   AUTHOR = {Card, Dallas and Tan, Chenhao and Smith, Noah A.},
   SORTNAME = {Card, Dallas and Tan, Chenhao and Smith, Noah A.},
   TITLE = {Neural Models for Documents with Metadata}}
@INPROCEEDINGS{papers-1182,
   AUTHOR = {Lei, Zeyang and Yang, Yujiu and Yang, Min and Liu, Yi},
   SORTNAME = {Lei, Zeyang and Yang, Yujiu and Yang, Min and Liu, Yi},
   TITLE = {A Multi-sentiment-resource Enhanced Attention Network for Sentiment Classification}}
@INPROCEEDINGS{papers-688,
   AUTHOR = {Cao, Ziqiang and Li, Wenjie and Li, Sujian and Wei, Furu},
   SORTNAME = {Cao, Ziqiang and Li, Wenjie and Li, Sujian and Wei, Furu},
   TITLE = {Retrieve, Rerank and Rewrite: Soft Template Based Neural Summarization}}
@INPROCEEDINGS{papers-644,
   AUTHOR = {Chalkidis, Ilias and Androutsopoulos, Ion and Michos, Achilleas},
   SORTNAME = {Chalkidis, Ilias and Androutsopoulos, Ion and Michos, Achilleas},
   TITLE = {Obligation and Prohibition Extraction Using Hierarchical RNNs}}
@INPROCEEDINGS{papers-220,
   AUTHOR = {Meyers, Benjamin S and Munaiah, Nuthan and Prud'hommeaux, Emily and Meneely, Andrew and Wolff, Josephine and Ovesdotter Alm, Cecilia and Murukannaiah, Pradeep},
   SORTNAME = {Meyers, Benjamin S and Munaiah, Nuthan and Prud'hommeaux, Emily and Meneely, Andrew and Wolff, Josephine and Ovesdotter Alm, Cecilia and Murukannaiah, Pradeep},
   TITLE = {A dataset for identifying actionable feedback in collaborative software development}}
@INPROCEEDINGS{papers-1343,
   AUTHOR = {Parvez, Md Rizwan and Chakraborty, Saikat and Ray, Baishakhi and Chang, Kai-Wei},
   SORTNAME = {Parvez, Md Rizwan and Chakraborty, Saikat and Ray, Baishakhi and Chang, Kai-Wei},
   TITLE = {Building Language Models for Text with Named Entities}}
@INPROCEEDINGS{papers-1125,
   AUTHOR = {Rajpurkar, Pranav and Jia, Robin and Liang, Percy},
   SORTNAME = {Rajpurkar, Pranav and Jia, Robin and Liang, Percy},
   TITLE = {Know What You Don't Know: Unanswerable Questions for SQuAD}}
@INPROCEEDINGS{papers-845,
   AUTHOR = {Groschwitz, Jonas and Lindemann, Matthias and Fowlie, Meaghan and Johnson, Mark and Koller, Alexander},
   SORTNAME = {Groschwitz, Jonas and Lindemann, Matthias and Fowlie, Meaghan and Johnson, Mark and Koller, Alexander},
   TITLE = {AMR dependency parsing with a typed semantic algebra}}
@INPROCEEDINGS{papers-422,
   AUTHOR = {Poerner, Nina and Schütze, Hinrich and Roth, Benjamin},
   SORTNAME = {Poerner, Nina and Schutze, Hinrich and Roth, Benjamin},
   TITLE = {Evaluating neural network explanation methods using hybrid documents and morphosyntactic agreement}}
@INPROCEEDINGS{papers-842,
   AUTHOR = {Krasnashchok, Katsiaryna and Jouili, Salim},
   SORTNAME = {Krasnashchok, Katsiaryna and Jouili, Salim},
   TITLE = {Improving Topic Quality by Promoting Named Entities in Topic Modeling}}
@INPROCEEDINGS{papers-1546,
   AUTHOR = {Ma, Shuming and SUN, Xu and Lin, Junyang and WANG, Houfeng},
   SORTNAME = {Ma, Shuming and SUN, Xu and Lin, Junyang and WANG, Houfeng},
   TITLE = {Autoencoder as Assistant Supervisor: Improving Text Representation for Chinese Social Media Text Summarization}}
@INPROCEEDINGS{papers-1584,
   AUTHOR = {Ein Dor, Liat and Mass, Yosi and Halfon, Alon and Venezian, Elad and Shnayderman, Ilya and Aharonov, Ranit and Slonim, Noam},
   SORTNAME = {Ein Dor, Liat and Mass, Yosi and Halfon, Alon and Venezian, Elad and Shnayderman, Ilya and Aharonov, Ranit and Slonim, Noam},
   TITLE = {Learning Thematic Similarity Metric from Article Sections Using Triplet Networks}}
@INPROCEEDINGS{papers-1326,
   AUTHOR = {Chen, Yufei and Zhao, Yuanyuan and Sun, Weiwei and Wan, Xiaojun},
   SORTNAME = {Chen, Yufei and Zhao, Yuanyuan and Sun, Weiwei and Wan, Xiaojun},
   TITLE = {Pre- and In-Parsing Models for Neural Empty Category Detection}}
@INPROCEEDINGS{papers-1570,
   AUTHOR = {Christopoulou, Fenia and Miwa, Makoto and Ananiadou, Sophia},
   SORTNAME = {Christopoulou, Fenia and Miwa, Makoto and Ananiadou, Sophia},
   TITLE = {A Walk-based Model on Entity Graphs for Relation Extraction}}
@INPROCEEDINGS{papers-880,
   AUTHOR = {Choi, Eunsol and Levy, Omer and Choi, Yejin and Zettlemoyer, Luke},
   SORTNAME = {Choi, Eunsol and Levy, Omer and Choi, Yejin and Zettlemoyer, Luke},
   TITLE = {Ultra-Fine Entity Typing}}
@INPROCEEDINGS{papers-245,
   AUTHOR = {Liu, Zhenghao and Xiong, Chenyan and Sun, Maosong and Liu, Zhiyuan},
   SORTNAME = {Liu, Zhenghao and Xiong, Chenyan and Sun, Maosong and Liu, Zhiyuan},
   TITLE = {Entity-Duet Neural Ranking: Understanding the Role of Knowledge Graph Semantics in Neural Information Retrieval}}
@INPROCEEDINGS{papers-1321,
   AUTHOR = {Gupta, Amulya and Zhang, Zhu},
   SORTNAME = {Gupta, Amulya and Zhang, Zhu},
   TITLE = {To Attend or not to Attend: A Case Study on Syntactic Structures for Semantic Relatedness}}
@INPROCEEDINGS{papers-1548,
   AUTHOR = {Akama, Reina and Watanabe, Kento and Yokoi, Sho and Kobayashi, Sosuke and Inui, Kentaro},
   SORTNAME = {Akama, Reina and Watanabe, Kento and Yokoi, Sho and Kobayashi, Sosuke and Inui, Kentaro},
   TITLE = {Unsupervised Learning of Style-sensitive Word Vectors}}
@INPROCEEDINGS{papers-477,
   AUTHOR = {King, Milton and Cook, Paul},
   SORTNAME = {King, Milton and Cook, Paul},
   TITLE = {Leveraging distributed representations and lexico-syntactic fixedness for token-level prediction of the idiomaticity of English verb-noun combinations}}
@INPROCEEDINGS{papers-448,
   AUTHOR = {Zhang, Saizheng and Dinan, Emily and Urbanek, Jack and Szlam, Arthur and Kiela, Douwe and Weston, Jason},
   SORTNAME = {Zhang, Saizheng and Dinan, Emily and Urbanek, Jack and Szlam, Arthur and Kiela, Douwe and Weston, Jason},
   TITLE = {Personalizing Dialogue Agents: I have a dog, do you have pets too?}}
@INPROCEEDINGS{papers-1170,
   AUTHOR = {Liu, Ming and Buntine, Wray and Haffari, Gholamreza},
   SORTNAME = {Liu, Ming and Buntine, Wray and Haffari, Gholamreza},
   TITLE = {Learning How to Actively Learn: A Deep Imitation Learning Approach}}
@INPROCEEDINGS{papers-1513,
   AUTHOR = {Qin, Pengda and XU, Weiran and Wang, William Yang},
   SORTNAME = {Qin, Pengda and XU, Weiran and Wang, William Yang},
   TITLE = {DSGAN: Generative Adversarial Training for Distant Supervision Relation Extraction}}
@INPROCEEDINGS{papers-674,
   AUTHOR = {Choshen, Leshem and Abend, Omri},
   SORTNAME = {Choshen, Leshem and Abend, Omri},
   TITLE = {Automatic Metric Validation for Grammatical Error Correction}}
@INPROCEEDINGS{papers-446,
   AUTHOR = {Santus, Enrico and Wang, Hongmin and Chersoni, Emmanuele and Zhang, Yue},
   SORTNAME = {Santus, Enrico and Wang, Hongmin and Chersoni, Emmanuele and Zhang, Yue},
   TITLE = {A Rank-Based Similarity Metric for Word Embeddings}}
@INPROCEEDINGS{papers-1525,
   AUTHOR = {Zhao, Yanpeng and Zhang, Liwen and Tu, Kewei},
   SORTNAME = {Zhao, Yanpeng and Zhang, Liwen and Tu, Kewei},
   TITLE = {Gaussian Mixture Latent Vector Grammars}}
@INPROCEEDINGS{papers-217,
   AUTHOR = {Wang, Qingyun and Zhou, Zhihao and Huang, Lifu and Whitehead, Spencer and Zhang, Boliang and Ji, Heng and Knight, Kevin},
   SORTNAME = {Wang, Qingyun and Zhou, Zhihao and Huang, Lifu and Whitehead, Spencer and Zhang, Boliang and Ji, Heng and Knight, Kevin},
   TITLE = {Paper Abstract Writing through Editing Mechanism}}
@INPROCEEDINGS{papers-673,
   AUTHOR = {Chen, Qian and Zhu, Xiaodan and Ling, Zhen-Hua and Inkpen, Diana and Wei, Si},
   SORTNAME = {Chen, Qian and Zhu, Xiaodan and Ling, Zhen-Hua and Inkpen, Diana and Wei, Si},
   TITLE = {Neural Natural Language Inference Models Enhanced with External Knowledge}}
@INPROCEEDINGS{papers-228,
   AUTHOR = {Xie, Pengtao and Xing, Eric},
   SORTNAME = {Xie, Pengtao and Xing, Eric},
   TITLE = {A Neural Architecture for Automated ICD Coding}}
@INPROCEEDINGS{papers-1146,
   AUTHOR = {Malaviya, Chaitanya and Ferreira, Pedro and Martins, André F. T.},
   SORTNAME = {Malaviya, Chaitanya and Ferreira, Pedro and Martins, Andre F. T.},
   TITLE = {Sparse and Constrained Attention for Neural Machine Translation}}
@INPROCEEDINGS{papers-618,
   AUTHOR = {Hale, John and Dyer, Chris and Kuncoro, Adhiguna and Brennan, Jonathan},
   SORTNAME = {Hale, John and Dyer, Chris and Kuncoro, Adhiguna and Brennan, Jonathan},
   TITLE = {Finding syntax in human encephalography with beam search}}
@INPROCEEDINGS{papers-243,
   AUTHOR = {Sun, Yibo and Tang, Duyu and Duan, Nan and Ji, Jianshu and Cao, Guihong and Feng, Xiaocheng and Qin, Bing and Liu, Ting and Zhou, Ming},
   SORTNAME = {Sun, Yibo and Tang, Duyu and Duan, Nan and Ji, Jianshu and Cao, Guihong and Feng, Xiaocheng and Qin, Bing and Liu, Ting and Zhou, Ming},
   TITLE = {Semantic Parsing with Syntax- and Table-Aware SQL Generation}}
@INPROCEEDINGS{papers-627,
   AUTHOR = {Shimizu, Toru and Shimizu, Nobuyuki and Kobayashi, Hayato},
   SORTNAME = {Shimizu, Toru and Shimizu, Nobuyuki and Kobayashi, Hayato},
   TITLE = {Pretraining Sentiment Classifiers with Unlabeled Dialog Data}}
@INPROCEEDINGS{papers-415,
   AUTHOR = {Zhang, Hainan and Lan, Yanyan and Guo, Jiafeng and Xu, Jun and Cheng, Xueqi},
   SORTNAME = {Zhang, Hainan and Lan, Yanyan and Guo, Jiafeng and Xu, Jun and Cheng, Xueqi},
   TITLE = {Tailored Sequence to Sequence Models to Different Conversation Scenarios}}
@INPROCEEDINGS{papers-1549,
   AUTHOR = {Collell, Guillem and Moens, Marie-Francine},
   SORTNAME = {Collell, Guillem and Moens, Marie-Francine},
   TITLE = {Do Neural Network Cross-Modal Mappings Really Bridge Modalities?}}
@INPROCEEDINGS{papers-881,
   AUTHOR = {He, Luheng and Lee, Kenton and Levy, Omer and Zettlemoyer, Luke},
   SORTNAME = {He, Luheng and Lee, Kenton and Levy, Omer and Zettlemoyer, Luke},
   TITLE = {Jointly Predicting Predicates and Arguments in Neural Semantic Role Labeling}}
@INPROCEEDINGS{papers-1318,
   AUTHOR = {Sharma, Rishi and Allen, James and Bakhshandeh, Omid and Mostafazadeh, Nasrin},
   SORTNAME = {Sharma, Rishi and Allen, James and Bakhshandeh, Omid and Mostafazadeh, Nasrin},
   TITLE = {Tackling the Story Ending Biases in The Story Cloze Test}}
@INPROCEEDINGS{papers-412,
   AUTHOR = {Born, Logan and Sarkar, Anoop},
   SORTNAME = {Born, Logan and Sarkar, Anoop},
   TITLE = {Prefix Lexicalization of Synchronous CFGs using Synchronous TAG}}
@INPROCEEDINGS{papers-1547,
   AUTHOR = {ELBAYAD, Maha and Besacier, Laurent and Verbeek, Jakob},
   SORTNAME = {ELBAYAD, Maha and Besacier, Laurent and Verbeek, Jakob},
   TITLE = {Token-level and sequence-level loss smoothing for RNN language models}}
@INPROCEEDINGS{papers-1123,
   AUTHOR = {Huang, Danqing and Yao, Jin-Ge and Lin, Chin-Yew and Zhou, Qingyu and Yin, Jian},
   SORTNAME = {Huang, Danqing and Yao, Jin-Ge and Lin, Chin-Yew and Zhou, Qingyu and Yin, Jian},
   TITLE = {Using Intermediate Representations to Solve Math Word Problems}}
@INPROCEEDINGS{papers-616,
   AUTHOR = {Xu, Yumo and Cohen, Shay B.},
   SORTNAME = {Xu, Yumo and Cohen, Shay B.},
   TITLE = {Stock Movement Prediction from Tweets and Historical Prices}}
@INPROCEEDINGS{papers-844,
   AUTHOR = {Joty, Shafiq and Mohiuddin, Muhammad Tasnim and Tien Nguyen, Dat},
   SORTNAME = {Joty, Shafiq and Mohiuddin, Muhammad Tasnim and Tien Nguyen, Dat},
   TITLE = {Coherence Modeling of Asynchronous Conversations: A Neural Entity Grid Approach}}
@INPROCEEDINGS{papers-859,
   AUTHOR = {Petrushkov, Pavel and Khadivi, Shahram and Matusov, Evgeny},
   SORTNAME = {Petrushkov, Pavel and Khadivi, Shahram and Matusov, Evgeny},
   TITLE = {Learning from Chunk-based Feedback in Neural Machine Translation}}
@INPROCEEDINGS{papers-1139,
   AUTHOR = {Yao, Wenlin and Huang, Ruihong},
   SORTNAME = {Yao, Wenlin and Huang, Ruihong},
   TITLE = {Temporal Event Knowledge Acquisition via Identifying Narratives}}
@INPROCEEDINGS{papers-866,
   AUTHOR = {Lu, Di and Neves, Leonardo and Carvalho, Vitor and Zhang, Ning and Ji, Heng},
   SORTNAME = {Lu, Di and Neves, Leonardo and Carvalho, Vitor and Zhang, Ning and Ji, Heng},
   TITLE = {Visual Attention Model for Name Tagging in Multimodal Social Media}}
@INPROCEEDINGS{papers-268,
   AUTHOR = {Vaidyanathan, Preethi and Prud'hommeaux, Emily T. and Pelz, Jeff B. and Alm, Cecilia O.},
   SORTNAME = {Vaidyanathan, Preethi and Prud'hommeaux, Emily T. and Pelz, Jeff B. and Alm, Cecilia O.},
   TITLE = {SNAG: Spoken Narratives and Gaze Dataset}}
@INPROCEEDINGS{papers-1562,
   AUTHOR = {Trisedya, Bayu Distiawan and Qi, Jianzhong and Zhang, Rui and Wang, Wei},
   SORTNAME = {Trisedya, Bayu Distiawan and Qi, Jianzhong and Zhang, Rui and Wang, Wei},
   TITLE = {GTR-LSTM: A Triple Encoder for Sentence Generation from RDF Data}}
@INPROCEEDINGS{papers-1106,
   AUTHOR = {Joshi, Vidur and Peters, Matthew and Hopkins, Mark},
   SORTNAME = {Joshi, Vidur and Peters, Matthew and Hopkins, Mark},
   TITLE = {Extending a Parser to Distant Domains Using a Few Dozen Partially Annotated Examples}}
@INPROCEEDINGS{papers-406,
   AUTHOR = {Glockner, Max and Shwartz, Vered and Goldberg, Yoav},
   SORTNAME = {Glockner, Max and Shwartz, Vered and Goldberg, Yoav},
   TITLE = {Breaking NLI Systems with Sentences that Require Simple Lexical Inferences}}
@INPROCEEDINGS{papers-250,
   AUTHOR = {Lin, Yankai and Ji, Haozhe and Liu, Zhiyuan and Sun, Maosong},
   SORTNAME = {Lin, Yankai and Ji, Haozhe and Liu, Zhiyuan and Sun, Maosong},
   TITLE = {Denoising Distantly Supervised Open-Domain Question Answering}}
@INPROCEEDINGS{papers-1108,
   AUTHOR = {Castro Ferreira, Thiago and Moussallem, Diego and Kádár, Ákos and Wubben, Sander and Krahmer, Emiel},
   SORTNAME = {Castro Ferreira, Thiago and Moussallem, Diego and Kadar, Akos and Wubben, Sander and Krahmer, Emiel},
   TITLE = {NeuralREG: An end-to-end approach to referring expression generation}}
@INPROCEEDINGS{papers-868,
   AUTHOR = {van der Goot, Rob and Ljubešić, Nikola and Matroos, Ian and Nissim, Malvina and Plank, Barbara},
   SORTNAME = {van der Goot, Rob and Ljubesic, Nikola and Matroos, Ian and Nissim, Malvina and Plank, Barbara},
   TITLE = {Bleaching Text: Abstract Features for Cross-lingual Gender Prediction}}
@INPROCEEDINGS{papers-602,
   AUTHOR = {Agarwal, Prabal and Strötgen, Jannik and Del Corro, Luciano and Hoffart, Johannes and Weikum, Gerhard},
   SORTNAME = {Agarwal, Prabal and Strotgen, Jannik and Del Corro, Luciano and Hoffart, Johannes and Weikum, Gerhard},
   TITLE = {diaNED: Time-Aware Named Entity Disambiguation for Diachronic Corpora}}
@INPROCEEDINGS{papers-1553,
   AUTHOR = {Glavaš, Goran and Vulić, Ivan},
   SORTNAME = {Glavas, Goran and Vulic, Ivan},
   TITLE = {Explicit Retrofitting of Distributional Word Vectors}}
@INPROCEEDINGS{papers-1305,
   AUTHOR = {Kitaev, Nikita and Klein, Dan},
   SORTNAME = {Kitaev, Nikita and Klein, Dan},
   TITLE = {Constituency Parsing with a Self-Attentive Encoder}}
@INPROCEEDINGS{papers-857,
   AUTHOR = {Voita, Elena and Serdyukov, Pavel and Sennrich, Rico and Titov, Ivan},
   SORTNAME = {Voita, Elena and Serdyukov, Pavel and Sennrich, Rico and Titov, Ivan},
   TITLE = {Context-Aware Neural Machine Translation Learns Anaphora Resolution}}
@INPROCEEDINGS{papers-437,
   AUTHOR = {Grünewald, Stefan and Henning, Sophie and Koller, Alexander},
   SORTNAME = {Grunewald, Stefan and Henning, Sophie and Koller, Alexander},
   TITLE = {Generalized chart constraints for efficient PCFG and TAG parsing}}
@INPROCEEDINGS{papers-1302,
   AUTHOR = {Nakashole, Ndapa and Flauger, Raphael},
   SORTNAME = {Nakashole, Ndapa and Flauger, Raphael},
   TITLE = {Characterizing Departures from Linearity in Word Translation}}
@INPROCEEDINGS{papers-1190,
   AUTHOR = {Xu, Hu and Liu, Bing and Shu, Lei and Yu, Philip S.},
   SORTNAME = {Xu, Hu and Liu, Bing and Shu, Lei and Yu, Philip S.},
   TITLE = {Double Embeddings and CNN-based Sequence Labeling for Aspect Extraction}}
@INPROCEEDINGS{papers-1164,
   AUTHOR = {Duong, Long and Afshar, Hadi and Estival, Dominique and Pink, Glen and Cohen, Philip and Johnson, Mark},
   SORTNAME = {Duong, Long and Afshar, Hadi and Estival, Dominique and Pink, Glen and Cohen, Philip and Johnson, Mark},
   TITLE = {Active learning for deep semantic parsing}}
@INPROCEEDINGS{papers-1500,
   AUTHOR = {Luo, Bingfeng and Feng, Yansong and Wang, Zheng and Huang, Songfang and Yan, Rui and Zhao, Dongyan},
   SORTNAME = {Luo, Bingfeng and Feng, Yansong and Wang, Zheng and Huang, Songfang and Yan, Rui and Zhao, Dongyan},
   TITLE = {Marrying Up Regular Expressions with Neural Networks: A Case Study for Spoken Language Understanding}}
@INPROCEEDINGS{papers-235,
   AUTHOR = {Ge, Tao and Wei, Furu and Zhou, Ming},
   SORTNAME = {Ge, Tao and Wei, Furu and Zhou, Ming},
   TITLE = {Fluency Boost Learning and Inference for Neural Grammatical Error Correction}}
@INPROCEEDINGS{papers-497,
   AUTHOR = {Kiros, Jamie and Chan, William and Hinton, Geoffrey},
   SORTNAME = {Kiros, Jamie and Chan, William and Hinton, Geoffrey},
   TITLE = {Illustrative Language Understanding: Large-Scale Visual Grounding with Image Search}}
@INPROCEEDINGS{papers-1538,
   AUTHOR = {Pandey, Gaurav and Contractor, Danish and Kumar, Vineet and Joshi, Sachindra},
   SORTNAME = {Pandey, Gaurav and Contractor, Danish and Kumar, Vineet and Joshi, Sachindra},
   TITLE = {Exemplar Encoder-Decoder for Neural Conversation Generation}}
@INPROCEEDINGS{papers-499,
   AUTHOR = {Zhang, Yue and Liu, Qi and Song, Linfeng},
   SORTNAME = {Zhang, Yue and Liu, Qi and Song, Linfeng},
   TITLE = {Sentence-State LSTM for Text Representation}}
@INPROCEEDINGS{papers-693,
   AUTHOR = {Pratapa, Adithya and Bhat, Gayatri and Choudhury, Monojit and Sitaram, Sunayana and Dandapat, Sandipan and Bali, Kalika},
   SORTNAME = {Pratapa, Adithya and Bhat, Gayatri and Choudhury, Monojit and Sitaram, Sunayana and Dandapat, Sandipan and Bali, Kalika},
   TITLE = {Language Modeling for Code-Mixing: The Role of Linguistic Theory based Synthetic Data}}
@INPROCEEDINGS{papers-1303,
   AUTHOR = {Stewart, Craig and Vogler, Nikolai and Hu, Junjie and Boyd-Graber, Jordan and Neubig, Graham},
   SORTNAME = {Stewart, Craig and Vogler, Nikolai and Hu, Junjie and Boyd-Graber, Jordan and Neubig, Graham},
   TITLE = {Automatic Estimation of Simultaneous Interpreter Performance}}
@INPROCEEDINGS{papers-1555,
   AUTHOR = {Gu, Yue and Yang, Kangning and Fu, Shiyu and Chen, Shuhong and Li, Xinyu and Marsic, Ivan},
   SORTNAME = {Gu, Yue and Yang, Kangning and Fu, Shiyu and Chen, Shuhong and Li, Xinyu and Marsic, Ivan},
   TITLE = {Multimodal Affective Analysis Using Hierarchical Attention Strategy with Word-Level Alignment}}
@INPROCEEDINGS{papers-293,
   AUTHOR = {Zhong, Victor and Xiong, Caiming and Socher, Richard},
   SORTNAME = {Zhong, Victor and Xiong, Caiming and Socher, Richard},
   TITLE = {Global-Locally Self-Attentive Encoder for Dialogue State Tracking}}
@INPROCEEDINGS{papers-407,
   AUTHOR = {Seyler, Dominic and Dembelova, Tatiana and Del Corro, Luciano and Hoffart, Johannes and Weikum, Gerhard},
   SORTNAME = {Seyler, Dominic and Dembelova, Tatiana and Del Corro, Luciano and Hoffart, Johannes and Weikum, Gerhard},
   TITLE = {A Study of the Importance of External Knowledge in the Named Entity Recognition Task}}
@INPROCEEDINGS{papers-1332,
   AUTHOR = {Wei, Zhongyu and Liu, Qianlong and Peng, Baolin and Tou, Huaixiao and Chen, Ting and Huang, Xuanjing and Wong, Kam-Fai and Dai, Xiangying},
   SORTNAME = {Wei, Zhongyu and Liu, Qianlong and Peng, Baolin and Tou, Huaixiao and Chen, Ting and Huang, Xuanjing and Wong, Kam-Fai and Dai, Xiangying},
   TITLE = {Task-oriented Dialogue System for Automatic Diagnosis}}
@INPROCEEDINGS{papers-1138,
   AUTHOR = {Glenski, Maria and Weninger, Tim and Volkova, Svitlana},
   SORTNAME = {Glenski, Maria and Weninger, Tim and Volkova, Svitlana},
   TITLE = {Identifying and Understanding User Reactions to Deceptive and Trusted Social News Sources}}
@INPROCEEDINGS{papers-1563,
   AUTHOR = {Bagher Zadeh, AmirAli and Liang, Paul Pu and Poria, Soujanya and Cambria, Erik and Morency, Louis-Philippe},
   SORTNAME = {Bagher Zadeh, AmirAli and Liang, Paul Pu and Poria, Soujanya and Cambria, Erik and Morency, Louis-Philippe},
   TITLE = {Multimodal Language Analysis in the Wild: CMU-MOSEI Dataset and Interpretable Dynamic Fusion Graph}}
@INPROCEEDINGS{papers-1335,
   AUTHOR = {Hancock, Braden and Varma, Paroma and Wang, Stephanie and Bringmann, Martin and Liang, Percy and Ré, Christopher},
   SORTNAME = {Hancock, Braden and Varma, Paroma and Wang, Stephanie and Bringmann, Martin and Liang, Percy and Re, Christopher},
   TITLE = {Training Classifiers with Natural Language Explanations}}
@INPROCEEDINGS{papers-1537,
   AUTHOR = {Yang, An and Li, Sujian},
   SORTNAME = {Yang, An and Li, Sujian},
   TITLE = {SciDTB: Discourse Dependency TreeBank for Scientific Abstracts}}
@INPROCEEDINGS{papers-1508,
   AUTHOR = {Johnson, Kristen and Goldwasser, Dan},
   SORTNAME = {Johnson, Kristen and Goldwasser, Dan},
   TITLE = {Classification of Moral Foundations in Microblog Political Discourse}}
@INPROCEEDINGS{papers-1198,
   AUTHOR = {Jin, Cancan and He, Ben and Hui, Kai and Sun, Le},
   SORTNAME = {Jin, Cancan and He, Ben and Hui, Kai and Sun, Le},
   TITLE = {TDNN: A Two-stage Deep Neural Network for Prompt-independent Automated Essay Scoring}}
@INPROCEEDINGS{papers-498,
   AUTHOR = {Zhang, Rui and Nogueira dos Santos, Cicero and Yasunaga, Michihiro and Xiang, Bing and Radev, Dragomir},
   SORTNAME = {Zhang, Rui and Nogueira dos Santos, Cicero and Yasunaga, Michihiro and Xiang, Bing and Radev, Dragomir},
   TITLE = {Neural Coreference Resolution with Deep Biaffine Attention by Joint Mention Detection and Mention Clustering}}
@INPROCEEDINGS{papers-453,
   AUTHOR = {Schwenk, Holger},
   SORTNAME = {Schwenk, Holger},
   TITLE = {Filtering and Mining Parallel Data in a Joint Multilingual Space}}
@INPROCEEDINGS{papers-205,
   AUTHOR = {Riedl, Martin and Padó, Sebastian},
   SORTNAME = {Riedl, Martin and Pado, Sebastian},
   TITLE = {A Named Entity Recognition Shootout for German}}
@INPROCEEDINGS{papers-668,
   AUTHOR = {Le, Phong and Titov, Ivan},
   SORTNAME = {Le, Phong and Titov, Ivan},
   TITLE = {Improving Entity Linking by Modeling Latent Relations between Mentions}}
@INPROCEEDINGS{papers-1350,
   AUTHOR = {Yang, Pengcheng and SUN, Xu and Li, Wei and Ma, Shuming},
   SORTNAME = {Yang, Pengcheng and SUN, Xu and Li, Wei and Ma, Shuming},
   TITLE = {Automatic Academic Paper Rating Based on Modularized Hierarchical Convolutional Neural Network}}
@INPROCEEDINGS{papers-491,
   AUTHOR = {Peng, Min and Xie, Qianqian and Zhang, Yanchun and Wang, Hua and Zhang, Xiuzhen and Huang, Jimin and Tian, Gang},
   SORTNAME = {Peng, Min and Xie, Qianqian and Zhang, Yanchun and Wang, Hua and Zhang, Xiuzhen and Huang, Jimin and Tian, Gang},
   TITLE = {Neural Sparse Topical Coding}}
@INPROCEEDINGS{papers-1501,
   AUTHOR = {Suzuki, Jun and Takase, Sho and Kamigaito, Hidetaka and Morishita, Makoto and Nagata, Masaaki},
   SORTNAME = {Suzuki, Jun and Takase, Sho and Kamigaito, Hidetaka and Morishita, Makoto and Nagata, Masaaki},
   TITLE = {An Empirical Study of Building a Strong Baseline for Constituency Parsing}}
@INPROCEEDINGS{papers-722,
   AUTHOR = {Liu, Shuman and Chen, Hongshen and Ren, Zhaochun and Feng, Yang and Liu, Qun and Yin, Dawei},
   SORTNAME = {Liu, Shuman and Chen, Hongshen and Ren, Zhaochun and Feng, Yang and Liu, Qun and Yin, Dawei},
   TITLE = {Knowledge Diffusion for Neural Dialogue Generation}}
@INPROCEEDINGS{papers-977,
   AUTHOR = {Shen, Yikang and Lin, Zhouhan and Jacob, Athul Paul and Sordoni, Alessandro and Courville, Aaron and Bengio, Yoshua},
   SORTNAME = {Shen, Yikang and Lin, Zhouhan and Jacob, Athul Paul and Sordoni, Alessandro and Courville, Aaron and Bengio, Yoshua},
   TITLE = {Straight to the Tree: Constituency Parsing with Neural Syntactic Distance}}
@INPROCEEDINGS{papers-379,
   AUTHOR = {Lin, Hongyu and Lu, Yaojie and Han, Xianpei and Sun, Le},
   SORTNAME = {Lin, Hongyu and Lu, Yaojie and Han, Xianpei and Sun, Le},
   TITLE = {Nugget Proposal Networks for Chinese Event Detection}}
@INPROCEEDINGS{papers-1487,
   AUTHOR = {Jain, Prachi and Kumar, Pankaj and -, Mausam and Chakrabarti, Soumen},
   SORTNAME = {Jain, Prachi and Kumar, Pankaj and -, Mausam and Chakrabarti, Soumen},
   TITLE = {Type-Sensitive Knowledge Base Inference Without Explicit Type Supervision}}
@INPROCEEDINGS{papers-1473,
   AUTHOR = {An, Jisun and Kwak, Haewoon and Ahn, Yong-Yeol},
   SORTNAME = {An, Jisun and Kwak, Haewoon and Ahn, Yong-Yeol},
   TITLE = {SemAxis: A Lightweight Framework to Characterize Domain-Specific Word Semantics Beyond Sentiment}}
@INPROCEEDINGS{papers-1017,
   AUTHOR = {Liu, Yijia and Che, Wanxiang and Zhao, Huaipeng and Qin, Bing and Liu, Ting},
   SORTNAME = {Liu, Yijia and Che, Wanxiang and Zhao, Huaipeng and Qin, Bing and Liu, Ting},
   TITLE = {Distilling Knowledge for Search-based Structured Prediction}}
@INPROCEEDINGS{papers-187,
   AUTHOR = {Athiwaratkun, Ben and Wilson, Andrew and Anandkumar, Anima},
   SORTNAME = {Athiwaratkun, Ben and Wilson, Andrew and Anandkumar, Anima},
   TITLE = {Probabilistic FastText for Multi-Sense Word Embeddings}}
@INPROCEEDINGS{papers-018,
   AUTHOR = {Xu, Yang and Liu, Jiawei and Yang, Wei and Huang, Liusheng},
   SORTNAME = {Xu, Yang and Liu, Jiawei and Yang, Wei and Huang, Liusheng},
   TITLE = {Incorporating Latent Meanings of Morphological Compositions to Enhance Word Embeddings}}
@INPROCEEDINGS{papers-1489,
   AUTHOR = {Huang, Xiaolei and Paul, Michael J.},
   SORTNAME = {Huang, Xiaolei and Paul, Michael J.},
   TITLE = {Examining Temporality in Document Classification}}
@INPROCEEDINGS{papers-946,
   AUTHOR = {Schwartz, Roy and Thomson, Sam and Smith, Noah A.},
   SORTNAME = {Schwartz, Roy and Thomson, Sam and Smith, Noah A.},
   TITLE = {Bridging CNNs, RNNs, and Weighted Finite-State Machines}}
@INPROCEEDINGS{papers-029,
   AUTHOR = {Lei, Wenqiang and Jin, Xisen and Kan, Min-Yen and Ren, Zhaochun and He, Xiangnan and Yin, Dawei},
   SORTNAME = {Lei, Wenqiang and Jin, Xisen and Kan, Min-Yen and Ren, Zhaochun and He, Xiangnan and Yin, Dawei},
   TITLE = {Sequicity: Simplifying Task-oriented Dialogue Systems with Single Sequence-to-Sequence Architectures}}
@INPROCEEDINGS{papers-1683,
   AUTHOR = {Vashishth, Shikhar and Dasgupta, Shib Sankar and Ray, Swayambhu Nath and Talukdar, Partha},
   SORTNAME = {Vashishth, Shikhar and Dasgupta, Shib Sankar and Ray, Swayambhu Nath and Talukdar, Partha},
   TITLE = {Dating Documents using Graph Convolution Networks}}
@INPROCEEDINGS{papers-1247,
   AUTHOR = {Rao, Sudha and Daumé III, Hal},
   SORTNAME = {Rao, Sudha and Daume III, Hal},
   TITLE = {Learning to Ask Good Questions: Ranking Clarification Questions using Neural Expected Value of Perfect Information}}
@INPROCEEDINGS{papers-1411,
   AUTHOR = {Deutsch, Daniel and Hewitt, John and Roth, Dan},
   SORTNAME = {Deutsch, Daniel and Hewitt, John and Roth, Dan},
   TITLE = {A Distributional and Orthographic Aggregation Model for English Derivational Morphology}}
@INPROCEEDINGS{papers-740,
   AUTHOR = {Dai, Zihang and Xie, Qizhe and Hovy, Eduard},
   SORTNAME = {Dai, Zihang and Xie, Qizhe and Hovy, Eduard},
   TITLE = {From Credit Assignment to Entropy Regularization: Two New Algorithms for Neural Sequence Prediction}}
@INPROCEEDINGS{papers-1624,
   AUTHOR = {Zukov Gregoric, Andrej and Bachrach, Yoram and Coope, Sam},
   SORTNAME = {Zukov Gregoric, Andrej and Bachrach, Yoram and Coope, Sam},
   TITLE = {Named Entity Recognition With Parallel Recurrent Neural Networks}}
@INPROCEEDINGS{papers-581,
   AUTHOR = {Alam, Firoj and Joty, Shafiq and Imran, Muhammad},
   SORTNAME = {Alam, Firoj and Joty, Shafiq and Imran, Muhammad},
   TITLE = {Domain Adaptation with Adversarial Training and Graph Embeddings}}
@INPROCEEDINGS{papers-1044,
   AUTHOR = {Cheng, Yong and Tu, Zhaopeng and Meng, Fandong and Zhai, Junjie and Liu, Yang},
   SORTNAME = {Cheng, Yong and Tu, Zhaopeng and Meng, Fandong and Zhai, Junjie and Liu, Yang},
   TITLE = {Towards Robust Neural Machine Translation}}
@INPROCEEDINGS{papers-1612,
   AUTHOR = {Holtzman, Ari and Buys, Jan and Forbes, Maxwell and Bosselut, Antoine and Golub, David and Choi, Yejin},
   SORTNAME = {Holtzman, Ari and Buys, Jan and Forbes, Maxwell and Bosselut, Antoine and Golub, David and Choi, Yejin},
   TITLE = {Learning to Write with Cooperative Discriminators}}
@INPROCEEDINGS{papers-1249,
   AUTHOR = {Ma, Xuezhe and Hu, Zecong and Liu, Jingzhou and Peng, Nanyun and Neubig, Graham and Hovy, Eduard},
   SORTNAME = {Ma, Xuezhe and Hu, Zecong and Liu, Jingzhou and Peng, Nanyun and Neubig, Graham and Hovy, Eduard},
   TITLE = {Stack-Pointer Networks for Dependency Parsing}}
@INPROCEEDINGS{papers-771,
   AUTHOR = {Mrkšić, Nikola and Vulić, Ivan},
   SORTNAME = {Mrksic, Nikola and Vulic, Ivan},
   TITLE = {Fully Statistical Neural Belief Tracking}}
@INPROCEEDINGS{papers-1285,
   AUTHOR = {Schulz, Philip and Aziz, Wilker and Cohn, Trevor},
   SORTNAME = {Schulz, Philip and Aziz, Wilker and Cohn, Trevor},
   TITLE = {A Stochastic Decoder for Neural Machine Translation}}
@INPROCEEDINGS{papers-923,
   AUTHOR = {Spithourakis, Georgios and Riedel, Sebastian},
   SORTNAME = {Spithourakis, Georgios and Riedel, Sebastian},
   TITLE = {Numeracy for Language Models: Evaluating and Improving their Ability to Predict Numbers}}
@INPROCEEDINGS{papers-1615,
   AUTHOR = {Rashkin, Hannah and Bosselut, Antoine and Sap, Maarten and Knight, Kevin and Choi, Yejin},
   SORTNAME = {Rashkin, Hannah and Bosselut, Antoine and Sap, Maarten and Knight, Kevin and Choi, Yejin},
   TITLE = {Modeling Naive Psychology of Characters in Simple Commonsense Stories}}
@INPROCEEDINGS{papers-1043,
   AUTHOR = {Huang, Weijing},
   SORTNAME = {Huang, Weijing},
   TITLE = {PhraseCTM: Correlated Topic Modeling on Phrases within Markov Random Fields}}
@INPROCEEDINGS{papers-1088,
   AUTHOR = {Peng, Baolin and Li, Xiujun and Gao, Jianfeng and Liu, Jingjing and Wong, Kam-Fai},
   SORTNAME = {Peng, Baolin and Li, Xiujun and Gao, Jianfeng and Liu, Jingjing and Wong, Kam-Fai},
   TITLE = {Deep Dyna-Q: Integrating Planning for Task-Completion Dialogue Policy Learning}}
@INPROCEEDINGS{papers-782,
   AUTHOR = {K Sarma, Prathusha and Liang, Yingyu and Sethares, Bill},
   SORTNAME = {K Sarma, Prathusha and Liang, Yingyu and Sethares, Bill},
   TITLE = {Domain Adapted Word Embeddings for Improved Sentiment Classification}}
@INPROCEEDINGS{papers-1418,
   AUTHOR = {-, Chandrahas and Sharma, Aditya and Talukdar, Partha},
   SORTNAME = {-, Chandrahas and Sharma, Aditya and Talukdar, Partha},
   TITLE = {Towards Understanding the Geometry of Knowledge Graph Embeddings}}
@INPROCEEDINGS{papers-527,
   AUTHOR = {Ni, Jianmo and McAuley, Julian},
   SORTNAME = {Ni, Jianmo and McAuley, Julian},
   TITLE = {Personalized Review Generation By Expanding Phrases and Attending on Aspect-Aware Representations}}
@INPROCEEDINGS{papers-371,
   AUTHOR = {Song, Linfeng and Zhang, Yue and Wang, Zhiguo and Gildea, Daniel},
   SORTNAME = {Song, Linfeng and Zhang, Yue and Wang, Zhiguo and Gildea, Daniel},
   TITLE = {A Graph-to-Sequence Model for AMR-to-Text Generation}}
@INPROCEEDINGS{papers-1018,
   AUTHOR = {Shen, Dinghan and Wang, Guoyin and Wang, Wenlin and Renqiang Min, Martin and Su, Qinliang and Zhang, Yizhe and Li, Chunyuan and Henao, Ricardo and Carin, Lawrence},
   SORTNAME = {Shen, Dinghan and Wang, Guoyin and Wang, Wenlin and Renqiang Min, Martin and Su, Qinliang and Zhang, Yizhe and Li, Chunyuan and Henao, Ricardo and Carin, Lawrence},
   TITLE = {Baseline Needs More Love: On Simple Word-Embedding-Based Models and Associated Pooling Mechanisms}}
@INPROCEEDINGS{papers-186,
   AUTHOR = {Fabbri, Alexander and Li, Irene and Trairatvorakul, Prawat and He, Yijiao and Ting, Weitai and Tung, Robert and Westerfield, Caitlin and Radev, Dragomir},
   SORTNAME = {Fabbri, Alexander and Li, Irene and Trairatvorakul, Prawat and He, Yijiao and Ting, Weitai and Tung, Robert and Westerfield, Caitlin and Radev, Dragomir},
   TITLE = {TutorialBank: A Manually-Collected Corpus for Prerequisite Chains, Survey Extraction and Resource Recommendation}}
@INPROCEEDINGS{papers-1011,
   AUTHOR = {Chen, Mia Xu and Firat, Orhan and Bapna, Ankur and Johnson, Melvin and Macherey, Wolfgang and Foster, George and Jones, Llion and Schuster, Mike and Shazeer, Noam and Parmar, Niki and Vaswani, Ashish and Uszkoreit, Jakob and Kaiser, Lukasz and Chen, Zhifeng and Wu, Yonghui and Hughes, Macduff},
   SORTNAME = {Chen, Mia Xu and Firat, Orhan and Bapna, Ankur and Johnson, Melvin and Macherey, Wolfgang and Foster, George and Jones, Llion and Schuster, Mike and Shazeer, Noam and Parmar, Niki and Vaswani, Ashish and Uszkoreit, Jakob and Kaiser, Lukasz and Chen, Zhifeng and Wu, Yonghui and Hughes, Macduff},
   TITLE = {The Best of Both Worlds: Combining Recent Advances in Neural Machine Translation}}
@INPROCEEDINGS{papers-985,
   AUTHOR = {Jing, Baoyu and Xie, Pengtao and Xing, Eric},
   SORTNAME = {Jing, Baoyu and Xie, Pengtao and Xing, Eric},
   TITLE = {On the Automatic Generation of Medical Imaging Reports}}
@INPROCEEDINGS{papers-723,
   AUTHOR = {Lawrence, Carolin and Riezler, Stefan},
   SORTNAME = {Lawrence, Carolin and Riezler, Stefan},
   TITLE = {Improving a Neural Semantic Parser by Counterfactual Learning from Human Bandit Feedback}}
@INPROCEEDINGS{papers-1472,
   AUTHOR = {Domhan, Tobias},
   SORTNAME = {Domhan, Tobias},
   TITLE = {How Much Attention Do You Need? A Granular Analysis of Neural Machine Translation Architectures}}
@INPROCEEDINGS{papers-545,
   AUTHOR = {Li, Yanyang and Xiao, Tong and Li, Yinqiao and Wang, Qiang and Xu, Changming and Zhu, Jingbo},
   SORTNAME = {Li, Yanyang and Xiao, Tong and Li, Yinqiao and Wang, Qiang and Xu, Changming and Zhu, Jingbo},
   TITLE = {A Simple and Effective Approach to Coverage-Aware Neural Machine Translation}}
@INPROCEEDINGS{papers-1089,
   AUTHOR = {Lau, Jey Han and Cohn, Trevor and Baldwin, Timothy and Brooke, Julian and Hammond, Adam},
   SORTNAME = {Lau, Jey Han and Cohn, Trevor and Baldwin, Timothy and Brooke, Julian and Hammond, Adam},
   TITLE = {Deep-speare: A joint neural model of poetic language, meter and rhyme}}
@INPROCEEDINGS{papers-086,
   AUTHOR = {Cui, Lei and Wei, Furu and Zhou, Ming},
   SORTNAME = {Cui, Lei and Wei, Furu and Zhou, Ming},
   TITLE = {Neural Open Information Extraction}}
@INPROCEEDINGS{papers-1277,
   AUTHOR = {Belyy, Anton and Dubova, Marina and Nekrasov, Dmitry},
   SORTNAME = {Belyy, Anton and Dubova, Marina and Nekrasov, Dmitry},
   TITLE = {Improved Evaluation Framework for Complex Plagiarism Detection}}
@INPROCEEDINGS{papers-542,
   AUTHOR = {Clark, Christopher and Gardner, Matt},
   SORTNAME = {Clark, Christopher and Gardner, Matt},
   TITLE = {Simple and Effective Multi-Paragraph Reading Comprehension}}
@INPROCEEDINGS{papers-1248,
   AUTHOR = {Peng, Hao and Thomson, Sam and Smith, Noah A.},
   SORTNAME = {Peng, Hao and Thomson, Sam and Smith, Noah A.},
   TITLE = {Backpropagating through Structured Argmax using a SPIGOT}}
@INPROCEEDINGS{papers-1625,
   AUTHOR = {Al Khatib, Khalid and Wachsmuth, Henning and Lang, Kevin and Herpel, Jakob and Hagen, Matthias and Stein, Benno},
   SORTNAME = {Al Khatib, Khalid and Wachsmuth, Henning and Lang, Kevin and Herpel, Jakob and Hagen, Matthias and Stein, Benno},
   TITLE = {Modeling Deliberative Argumentation Strategies on Wikipedia}}
@INPROCEEDINGS{papers-1241,
   AUTHOR = {Gómez-Rodríguez, Carlos and Shi, Tianze and Lee, Lillian},
   SORTNAME = {Gomez-Rodriguez, Carlos and Shi, Tianze and Lee, Lillian},
   TITLE = {Global Transition-based Non-projective Dependency Parsing}}
@INPROCEEDINGS{papers-574,
   AUTHOR = {Wang, Rui and Utiyama, Masao and Sumita, Eiichiro},
   SORTNAME = {Wang, Rui and Utiyama, Masao and Sumita, Eiichiro},
   TITLE = {Dynamic Sentence Sampling for Efficient Training of Neural Machine Translation}}
@INPROCEEDINGS{papers-1246,
   AUTHOR = {Ramadan, Osman and Budzianowski, Paweł and Gasic, Milica},
   SORTNAME = {Ramadan, Osman and Budzianowski, Paweł and Gasic, Milica},
   TITLE = {Large-Scale Multi-Domain Belief Tracking with Knowledge Sharing}}
@INPROCEEDINGS{papers-587,
   AUTHOR = {Rohde, Hannah and Johnson, Alexander and Schneider, Nathan and Webber, Bonnie},
   SORTNAME = {Rohde, Hannah and Johnson, Alexander and Schneider, Nathan and Webber, Bonnie},
   TITLE = {Discourse Coherence: Concurrent Explicit and Implicit Relations}}
@INPROCEEDINGS{papers-1279,
   AUTHOR = {Jin, Huiming and Zhu, Hao and Liu, Zhiyuan and Xie, Ruobing and Sun, Maosong and Lin, Fen and Lin, Leyu},
   SORTNAME = {Jin, Huiming and Zhu, Hao and Liu, Zhiyuan and Xie, Ruobing and Sun, Maosong and Lin, Fen and Lin, Leyu},
   TITLE = {Incorporating Chinese Characters of Words for Lexical Sememe Prediction}}
@INPROCEEDINGS{papers-1661,
   AUTHOR = {Ocampo Diaz, Gerardo and Ng, Vincent},
   SORTNAME = {Ocampo Diaz, Gerardo and Ng, Vincent},
   TITLE = {Modeling and Prediction of Online Product Review Helpfulness: A Survey}}
@INPROCEEDINGS{papers-702,
   AUTHOR = {Lin, Junyang and SUN, Xu and Ma, Shuming and Su, Qi},
   SORTNAME = {Lin, Junyang and SUN, Xu and Ma, Shuming and Su, Qi},
   TITLE = {Global Encoding for Abstractive Summarization}}
@INPROCEEDINGS{papers-154,
   AUTHOR = {Cotterell, Ryan and Naradowsky, Jason and Mielke, Sebastian J. and Wolf-Sonkin, Lawrence},
   SORTNAME = {Cotterell, Ryan and Naradowsky, Jason and Mielke, Sebastian J. and Wolf-Sonkin, Lawrence},
   TITLE = {A Structured Variational Autoencoder for Contextual Morphological Inflection}}
@INPROCEEDINGS{papers-968,
   AUTHOR = {Bhowmik, Rajarshi and de Melo, Gerard},
   SORTNAME = {Bhowmik, Rajarshi and de Melo, Gerard},
   TITLE = {Generating Fine-Grained Open Vocabulary Entity Type Descriptions}}
@INPROCEEDINGS{papers-1498,
   AUTHOR = {FitzGerald, Nicholas and Michael, Julian and He, Luheng and Zettlemoyer, Luke},
   SORTNAME = {FitzGerald, Nicholas and Michael, Julian and He, Luheng and Zettlemoyer, Luke},
   TITLE = {Large-Scale QA-SRL Parsing}}
@INPROCEEDINGS{papers-1465,
   AUTHOR = {Asada, Masaki and Miwa, Makoto and Sasaki, Yutaka},
   SORTNAME = {Asada, Masaki and Miwa, Makoto and Sasaki, Yutaka},
   TITLE = {Enhancing Drug-Drug Interaction Extraction from Texts by Molecular Structure Information}}
@INPROCEEDINGS{papers-995,
   AUTHOR = {Zhou, Xianda and Wang, William Yang},
   SORTNAME = {Zhou, Xianda and Wang, William Yang},
   TITLE = {MojiTalk: Generating Emotional Responses at Scale}}
@INPROCEEDINGS{papers-1001,
   AUTHOR = {Bose, Avishek Joey and Ling, Huan and Cao, Yanshuai},
   SORTNAME = {Bose, Avishek Joey and Ling, Huan and Cao, Yanshuai},
   TITLE = {Adversarial Contrastive Estimation}}
@INPROCEEDINGS{papers-539,
   AUTHOR = {Li, Yang and Zhao, Bo and Fuxman, Ariel and Tao, Fangbo},
   SORTNAME = {Li, Yang and Zhao, Bo and Fuxman, Ariel and Tao, Fangbo},
   TITLE = {Guess Me if You Can: Acronym Disambiguation for Enterprises}}
@INPROCEEDINGS{papers-961,
   AUTHOR = {Hua, Xinyu and Wang, Lu},
   SORTNAME = {Hua, Xinyu and Wang, Lu},
   TITLE = {Neural Argument Generation Augmented with Externally Retrieved Evidence}}
@INPROCEEDINGS{papers-1668,
   AUTHOR = {Cífka, Ondřej and Bojar, Ondřej},
   SORTNAME = {Cifka, Ondrej and Bojar, Ondrej},
   TITLE = {Are BLEU and Meaning Representation in Opposition?}}
@INPROCEEDINGS{papers-1006,
   AUTHOR = {Wang, Guoyin and Li, Chunyuan and Wang, Wenlin and Zhang, Yizhe and Shen, Dinghan and Zhang, Xinyuan and Henao, Ricardo and Carin, Lawrence},
   SORTNAME = {Wang, Guoyin and Li, Chunyuan and Wang, Wenlin and Zhang, Yizhe and Shen, Dinghan and Zhang, Xinyuan and Henao, Ricardo and Carin, Lawrence},
   TITLE = {Joint Embedding of Words and Labels for Text Classification}}
@INPROCEEDINGS{papers-1234,
   AUTHOR = {Maruf, Sameen and Haffari, Gholamreza},
   SORTNAME = {Maruf, Sameen and Haffari, Gholamreza},
   TITLE = {Document Context Neural Machine Translation with Memory Networks}}
@INPROCEEDINGS{papers-1039,
   AUTHOR = {Scarton, Carolina and Specia, Lucia},
   SORTNAME = {Scarton, Carolina and Specia, Lucia},
   TITLE = {Learning Simplifications for Specific Target Audiences}}
@INPROCEEDINGS{papers-767,
   AUTHOR = {Wang, Zhen and Liu, Jiachen and Xiao, Xinyan and Lyu, Yajuan and Wu, Tian},
   SORTNAME = {Wang, Zhen and Liu, Jiachen and Xiao, Xinyan and Lyu, Yajuan and Wu, Tian},
   TITLE = {Joint Training of Candidate Extraction and Answer Selection for Reading Comprehension}}
@INPROCEEDINGS{papers-555,
   AUTHOR = {He, Ruidan and Lee, Wee Sun and Ng, Hwee Tou and Dahlmeier, Daniel},
   SORTNAME = {He, Ruidan and Lee, Wee Sun and Ng, Hwee Tou and Dahlmeier, Daniel},
   TITLE = {Exploiting Document Knowledge for Aspect-level Sentiment Classification}}
@INPROCEEDINGS{papers-1052,
   AUTHOR = {Dong, Xin and de Melo, Gerard},
   SORTNAME = {Dong, Xin and de Melo, Gerard},
   TITLE = {A Helping Hand: Transfer Learning for Deep Sentiment Analysis}}
@INPROCEEDINGS{papers-1604,
   AUTHOR = {Chaganty, Arun and Mussmann, Stephen and Liang, Percy},
   SORTNAME = {Chaganty, Arun and Mussmann, Stephen and Liang, Percy},
   TITLE = {The price of debiasing automatic metrics in natural language evalaution}}
@INPROCEEDINGS{papers-552,
   AUTHOR = {Pan, Boyuan and Yang, Yazheng and Zhao, Zhou and Zhuang, Yueting and Cai, Deng and He, Xiaofei},
   SORTNAME = {Pan, Boyuan and Yang, Yazheng and Zhao, Zhou and Zhuang, Yueting and Cai, Deng and He, Xiaofei},
   TITLE = {Discourse Marker Augmented Network with Reinforcement Learning for Natural Language Inference}}
@INPROCEEDINGS{papers-760,
   AUTHOR = {Wang, Yizhong and Liu, Kai and Liu, Jing and He, Wei and Lyu, Yajuan and Wu, Hua and Li, Sujian and Wang, Haifeng},
   SORTNAME = {Wang, Yizhong and Liu, Kai and Liu, Jing and He, Wei and Lyu, Yajuan and Wu, Hua and Li, Sujian and Wang, Haifeng},
   TITLE = {Multi-Passage Machine Reading Comprehension with Cross-Passage Answer Verification}}
@INPROCEEDINGS{papers-1603,
   AUTHOR = {Winn, Olivia and Muresan, Smaranda},
   SORTNAME = {Winn, Olivia and Muresan, Smaranda},
   TITLE = {'Lighter' Can Still Be Dark: Modeling Comparative Color Descriptions}}
@INPROCEEDINGS{papers-1267,
   AUTHOR = {Prabhumoye, Shrimai and Tsvetkov, Yulia and Salakhutdinov, Ruslan and Black, Alan W},
   SORTNAME = {Prabhumoye, Shrimai and Tsvetkov, Yulia and Salakhutdinov, Ruslan and Black, Alan W},
   TITLE = {Style Transfer Through Back-Translation}}
@INPROCEEDINGS{papers-564,
   AUTHOR = {Goldman, Omer and Latcinnik, Veronica and Nave, Ehud and Globerson, Amir and Berant, Jonathan},
   SORTNAME = {Goldman, Omer and Latcinnik, Veronica and Nave, Ehud and Globerson, Amir and Berant, Jonathan},
   TITLE = {Weakly Supervised Semantic Parsing with Abstract Examples}}
@INPROCEEDINGS{papers-1063,
   AUTHOR = {Sharma, Piyush and Ding, Nan and Goodman, Sebastian and Soricut, Radu},
   SORTNAME = {Sharma, Piyush and Ding, Nan and Goodman, Sebastian and Soricut, Radu},
   TITLE = {Conceptual Captions: A Cleaned, Hypernymed, Image Alt-text Dataset For Automatic Image Captioning}}
@INPROCEEDINGS{papers-1251,
   AUTHOR = {Fan, Angela and Lewis, Mike and Dauphin, Yann},
   SORTNAME = {Fan, Angela and Lewis, Mike and Dauphin, Yann},
   TITLE = {Hierarchical Neural Story Generation}}
@INPROCEEDINGS{papers-903,
   AUTHOR = {Yin, Qingyu and Zhang, Yu and Zhang, Wei-Nan and Liu, Ting and Wang, William Yang},
   SORTNAME = {Yin, Qingyu and Zhang, Yu and Zhang, Wei-Nan and Liu, Ting and Wang, William Yang},
   TITLE = {Deep Reinforcement Learning for Chinese Zero Pronoun Resolution}}
@INPROCEEDINGS{papers-107,
   AUTHOR = {Howard, Jeremy and Ruder, Sebastian},
   SORTNAME = {Howard, Jeremy and Ruder, Sebastian},
   TITLE = {Universal Language Model Fine-tuning for Text Classification}}
@INPROCEEDINGS{papers-335,
   AUTHOR = {Hsu, Wan-Ting and Lin, Chieh-Kai and Lee, Ming-Ying and Min, Kerui and Tang, Jing and Sun, Min},
   SORTNAME = {Hsu, Wan-Ting and Lin, Chieh-Kai and Lee, Ming-Ying and Min, Kerui and Tang, Jing and Sun, Min},
   TITLE = {A Unified Model for Extractive and Abstractive Summarization using Inconsistency Loss}}
@INPROCEEDINGS{papers-098,
   AUTHOR = {Kudo, Taku},
   SORTNAME = {Kudo, Taku},
   TITLE = {Subword Regularization: Improving Neural Network Translation Models with Multiple Subword Candidates}}
@INPROCEEDINGS{papers-030,
   AUTHOR = {Mao, Yuning and Ren, Xiang and Shen, Jiaming and Gu, Xiaotao and Han, Jiawei},
   SORTNAME = {Mao, Yuning and Ren, Xiang and Shen, Jiaming and Gu, Xiaotao and Han, Jiawei},
   TITLE = {End-to-End Reinforcement Learning for Automatic Taxonomy Induction}}
@INPROCEEDINGS{papers-1235,
   AUTHOR = {Ma, Shuming and SUN, Xu and Wang, Yizhong and Lin, Junyang},
   SORTNAME = {Ma, Shuming and SUN, Xu and Wang, Yizhong and Lin, Junyang},
   TITLE = {Bag-of-Words as Target for Neural Machine Translation}}
@INPROCEEDINGS{papers-1651,
   AUTHOR = {Yin, Wenpeng and Roth, Dan and Schütze, Hinrich},
   SORTNAME = {Yin, Wenpeng and Roth, Dan and Schutze, Hinrich},
   TITLE = {End-Task Oriented Textual Entailment via Deep Explorations of Inter-Sentence Interactions}}
@INPROCEEDINGS{papers-967,
   AUTHOR = {Argueta, Arturo and Chiang, David},
   SORTNAME = {Argueta, Arturo and Chiang, David},
   TITLE = {Composing Finite State Transducers on GPUs}}
@INPROCEEDINGS{papers-1038,
   AUTHOR = {Ma, Jing and Gao, Wei and Wong, Kam-Fai},
   SORTNAME = {Ma, Jing and Gao, Wei and Wong, Kam-Fai},
   TITLE = {Rumor Detection on Twitter with Tree-structured Recursive Neural Networks}}
@INPROCEEDINGS{papers-1490,
   AUTHOR = {Hong, Juneki and Huang, Liang},
   SORTNAME = {Hong, Juneki and Huang, Liang},
   TITLE = {Linear-time Constituency Parsing with RNNs and Dynamic Programming}}
@INPROCEEDINGS{papers-1452,
   AUTHOR = {Jiang, Tianyu and Riloff, Ellen},
   SORTNAME = {Jiang, Tianyu and Riloff, Ellen},
   TITLE = {Learning Prototypical Goal Activities for Locations}}
@INPROCEEDINGS{papers-703,
   AUTHOR = {Dror, Rotem and Baumer, Gili and Shlomov, Segev and Reichart, Roi},
   SORTNAME = {Dror, Rotem and Baumer, Gili and Shlomov, Segev and Reichart, Roi},
   TITLE = {The Hitchhiker's Guide to Testing Statistical Significance in Natural Language Processing}}
@INPROCEEDINGS{papers-969,
   AUTHOR = {Seki, Hiroshi and Hori, Takaaki and Watanabe, Shinji and Le Roux, Jonathan and Hershey, John R},
   SORTNAME = {Seki, Hiroshi and Hori, Takaaki and Watanabe, Shinji and Le Roux, Jonathan and Hershey, John R},
   TITLE = {A Purely End-to-End System for Multi-speaker Speech Recognition}}
@INPROCEEDINGS{papers-1009,
   AUTHOR = {Narayan, Shashi and Cardenas, Ronald and Papasarantopoulos, Nikos and Cohen, Shay B. and Lapata, Mirella and Yu, Jiangsheng and Chang, Yi},
   SORTNAME = {Narayan, Shashi and Cardenas, Ronald and Papasarantopoulos, Nikos and Cohen, Shay B. and Lapata, Mirella and Yu, Jiangsheng and Chang, Yi},
   TITLE = {Document Modeling with External Attention for Sentence Extraction}}
@INPROCEEDINGS{papers-1667,
   AUTHOR = {Zhao, Yang and Luo, Zhiyuan and Aizawa, Akiko},
   SORTNAME = {Zhao, Yang and Luo, Zhiyuan and Aizawa, Akiko},
   TITLE = {A Language Model based Evaluator for Sentence Compression}}
@INPROCEEDINGS{papers-039,
   AUTHOR = {Rotman, Guy and Vulić, Ivan and Reichart, Roi},
   SORTNAME = {Rotman, Guy and Vulic, Ivan and Reichart, Roi},
   TITLE = {Bridging Languages through Images with Deep Partial Canonical Correlation Analysis}}
@INPROCEEDINGS{papers-152,
   AUTHOR = {Wolf, Thomas and Chaumond, Julien and Delangue, Clement},
   SORTNAME = {Wolf, Thomas and Chaumond, Julien and Delangue, Clement},
   TITLE = {Continuous Learning in a Hierarchical Multiscale Neural Network}}
@INPROCEEDINGS{papers-536,
   AUTHOR = {Choshen, Leshem and Abend, Omri},
   SORTNAME = {Choshen, Leshem and Abend, Omri},
   TITLE = {Inherent Biases in Reference-based Evaluation for Grammatical Error Correction}}
@INPROCEEDINGS{papers-1268,
   AUTHOR = {Beck, Daniel and Haffari, Gholamreza and Cohn, Trevor},
   SORTNAME = {Beck, Daniel and Haffari, Gholamreza and Cohn, Trevor},
   TITLE = {Graph-to-Sequence Learning using Gated Graph Neural Networks}}
@INPROCEEDINGS{papers-1633,
   AUTHOR = {Pavez, Juan and Alllende, Hector and Allende-Cid, Hector},
   SORTNAME = {Pavez, Juan and Alllende, Hector and Allende-Cid, Hector},
   TITLE = {Working Memory Networks: Augmenting Memory Networks with a Relational Reasoning Module}}
@INPROCEEDINGS{papers-1091,
   AUTHOR = {Singla, Karan and Can, Dogan and Narayanan, Shrikanth},
   SORTNAME = {Singla, Karan and Can, Dogan and Narayanan, Shrikanth},
   TITLE = {A Multi-task Approach to Learning Multilingual Representations}}
@INPROCEEDINGS{papers-139,
   AUTHOR = {Ding, Boyang and Wang, Quan and Wang, Bin and Guo, Li},
   SORTNAME = {Ding, Boyang and Wang, Quan and Wang, Bin and Guo, Li},
   TITLE = {Improving Knowledge Graph Embedding Using Simple Constraints}}
@INPROCEEDINGS{papers-757,
   AUTHOR = {Roller, Stephen and Kiela, Douwe and Nickel, Maximilian},
   SORTNAME = {Roller, Stephen and Kiela, Douwe and Nickel, Maximilian},
   TITLE = {Hearst Patterns Revisited: Automatic Hypernym Detection from Large Text Corpora}}
@INPROCEEDINGS{papers-565,
   AUTHOR = {Li, Xin and Bing, Lidong and Lam, Wai and Shi, Bei},
   SORTNAME = {Li, Xin and Bing, Lidong and Lam, Wai and Shi, Bei},
   TITLE = {Transformation Networks for Target-Oriented Sentiment Classification}}
@INPROCEEDINGS{papers-1439,
   AUTHOR = {Shi, Weiyan and Yu, Zhou},
   SORTNAME = {Shi, Weiyan and Yu, Zhou},
   TITLE = {Sentiment Adaptive End-to-End Dialog Systems}}
@INPROCEEDINGS{papers-1406,
   AUTHOR = {Ribeiro, Marco Tulio and Singh, Sameer and Guestrin, Carlos},
   SORTNAME = {Ribeiro, Marco Tulio and Singh, Sameer and Guestrin, Carlos},
   TITLE = {Semantically Equivalent Adversarial Rules for Debugging NLP models}}
@INPROCEEDINGS{papers-137,
   AUTHOR = {Hong, Yu and Zhou, Wenxuan and Zhang, Jingli and Zhou, Guodong and Zhu, Qiaoming},
   SORTNAME = {Hong, Yu and Zhou, Wenxuan and Zhang, Jingli and Zhou, Guodong and Zhu, Qiaoming},
   TITLE = {Self-regulation: Employing a Generative Adversarial Network to Improve Event Detection}}
@INPROCEEDINGS{papers-761,
   AUTHOR = {Huang, Hen-Hsen and Chen, Chiao-Chen and Chen, Hsin-Hsi},
   SORTNAME = {Huang, Hen-Hsen and Chen, Chiao-Chen and Chen, Hsin-Hsi},
   TITLE = {Disambiguating False-Alarm Hashtag Usages in Tweets for Irony Detection}}
@INPROCEEDINGS{papers-1054,
   AUTHOR = {Liu, Xiaodong and Shen, Yelong and Duh, Kevin and Gao, Jianfeng},
   SORTNAME = {Liu, Xiaodong and Shen, Yelong and Duh, Kevin and Gao, Jianfeng},
   TITLE = {Stochastic Answer Networks for Machine Reading Comprehension}}
@INPROCEEDINGS{papers-792,
   AUTHOR = {Nimishakavi, Madhav and Gupta, Manish and Talukdar, Partha},
   SORTNAME = {Nimishakavi, Madhav and Gupta, Manish and Talukdar, Partha},
   TITLE = {Higher-order Relation Schema Induction using Tensor Factorization with Back-off and Aggregation}}
@INPROCEEDINGS{papers-419,
   AUTHOR = {Stymne, Sara and de Lhoneux, Miryam and Smith, Aaron and Nivre, Joakim},
   SORTNAME = {Stymne, Sara and de Lhoneux, Miryam and Smith, Aaron and Nivre, Joakim},
   TITLE = {Parser Training with Heterogeneous Treebanks}}
@INPROCEEDINGS{papers-270,
   AUTHOR = {Shwartz, Vered and Dagan, Ido},
   SORTNAME = {Shwartz, Vered and Dagan, Ido},
   TITLE = {Paraphrase to Explicate: Revealing Implicit Noun-Compound Relations}}
@INPROCEEDINGS{papers-1126,
   AUTHOR = {Xu, Yang and Cole, Jeremy and Reitter, David},
   SORTNAME = {Xu, Yang and Cole, Jeremy and Reitter, David},
   TITLE = {Not that much power: Linguistic alignment is influenced more by low-level linguistic features rather than social power}}
@INPROCEEDINGS{papers-421,
   AUTHOR = {Barnes, Jeremy and Klinger, Roman and Schulte im Walde, Sabine},
   SORTNAME = {Barnes, Jeremy and Klinger, Roman and Schulte im Walde, Sabine},
   TITLE = {Bilingual Sentiment Embeddings: Joint Projection of Sentiment Across Languages}}
@INPROCEEDINGS{papers-1589,
   AUTHOR = {Gur, Izzeddin and Yavuz, Semih and Su, Yu and Yan, Xifeng},
   SORTNAME = {Gur, Izzeddin and Yavuz, Semih and Su, Yu and Yan, Xifeng},
   TITLE = {DialSQL: Dialogue Based Structured Query Generation}}
@INPROCEEDINGS{papers-870,
   AUTHOR = {Nogueira dos Santos, Cicero and Melnyk, Igor and Padhi, Inkit},
   SORTNAME = {Nogueira dos Santos, Cicero and Melnyk, Igor and Padhi, Inkit},
   TITLE = {Fighting Offensive Language on Social Media with Unsupervised Text Style Transfer}}
@INPROCEEDINGS{papers-625,
   AUTHOR = {Madotto, Andrea and Wu, Chien-Sheng and Fung, Pascale},
   SORTNAME = {Madotto, Andrea and Wu, Chien-Sheng and Fung, Pascale},
   TITLE = {Mem2Seq: Effectively Incorporating Knowledge Bases into End-to-End Task-Oriented Dialog Systems}}
@INPROCEEDINGS{papers-410,
   AUTHOR = {Torki, Marwan},
   SORTNAME = {Torki, Marwan},
   TITLE = {A Document Descriptor using Covariance of Word Vectors}}
@INPROCEEDINGS{papers-848,
   AUTHOR = {Glass, Michael and Gliozzo, Alfio},
   SORTNAME = {Glass, Michael and Gliozzo, Alfio},
   TITLE = {Discovering Implicit Knowledge with Unary Relations}}
@INPROCEEDINGS{papers-1527,
   AUTHOR = {Zhang, Zheng and Zweigenbaum, Pierre},
   SORTNAME = {Zhang, Zheng and Zweigenbaum, Pierre},
   TITLE = {GNEG: Graph-Based Negative Sampling for word2vec}}
@INPROCEEDINGS{papers-1349,
   AUTHOR = {Zhang, Biao and Xiong, Deyi and Su, Jinsong},
   SORTNAME = {Zhang, Biao and Xiong, Deyi and Su, Jinsong},
   TITLE = {Accelerating Neural Transformer via an Average Attention Network}}
@INPROCEEDINGS{papers-1520,
   AUTHOR = {Khodak, Mikhail and Saunshi, Nikunj and Liang, Yingyu and Ma, Tengyu and Stewart, Brandon and Arora, Sanjeev},
   SORTNAME = {Khodak, Mikhail and Saunshi, Nikunj and Liang, Yingyu and Ma, Tengyu and Stewart, Brandon and Arora, Sanjeev},
   TITLE = {A La Carte Embedding: Cheap but Effective Induction of Semantic Feature Vectors}}
@INPROCEEDINGS{papers-488,
   AUTHOR = {Gong, Hongyu and Sakakini, Tarek and Bhat, Suma and Xiong, JinJun},
   SORTNAME = {Gong, Hongyu and Sakakini, Tarek and Bhat, Suma and Xiong, JinJun},
   TITLE = {Document Similarity for Texts of Varying Lengths via Hidden Topics}}
@INPROCEEDINGS{papers-223,
   AUTHOR = {Xu, Puyang and Hu, Qi},
   SORTNAME = {Xu, Puyang and Hu, Qi},
   TITLE = {An End-to-end Approach for Handling Unknown Slot Values in Dialogue State Tracking}}
@INPROCEEDINGS{papers-1340,
   AUTHOR = {Mulcaire, Phoebe and Swayamdipta, Swabha and Smith, Noah A.},
   SORTNAME = {Mulcaire, Phoebe and Swayamdipta, Swabha and Smith, Noah A.},
   TITLE = {Polyglot Semantic Role Labeling}}
@INPROCEEDINGS{papers-1186,
   AUTHOR = {Zhao, Lin and Feng, Zhe},
   SORTNAME = {Zhao, Lin and Feng, Zhe},
   TITLE = {Improving Slot Filling in Spoken Language Understanding with Joint Pointer and Attention}}
@INPROCEEDINGS{papers-1181,
   AUTHOR = {Chen, Yen-Chun and Bansal, Mohit},
   SORTNAME = {Chen, Yen-Chun and Bansal, Mohit},
   TITLE = {Fast Abstractive Summarization with Reinforce-Selected Sentence Rewriting}}
@INPROCEEDINGS{papers-815,
   AUTHOR = {Weiss, Gail and Goldberg, Yoav and Yahav, Eran},
   SORTNAME = {Weiss, Gail and Goldberg, Yoav and Yahav, Eran},
   TITLE = {On the Practical Computational Power of Finite Precision RNNs for Language Recognition}}
@INPROCEEDINGS{papers-1347,
   AUTHOR = {Wang, Shuai and Mazumder, Sahisnu and Liu, Bing and Zhou, Mianwei and Chang, Yi},
   SORTNAME = {Wang, Shuai and Mazumder, Sahisnu and Liu, Bing and Zhou, Mianwei and Chang, Yi},
   TITLE = {Target-Sensitive Memory Networks for Aspect Sentiment Classification}}
@INPROCEEDINGS{papers-1175,
   AUTHOR = {Kuncoro, Adhiguna and Dyer, Chris and Hale, John and Yogatama, Dani and Clark, Stephen and Blunsom, Phil},
   SORTNAME = {Kuncoro, Adhiguna and Dyer, Chris and Hale, John and Yogatama, Dani and Clark, Stephen and Blunsom, Phil},
   TITLE = {LSTMs Can Learn Syntax-Sensitive Dependencies Well, But Modeling Structure Makes Them Better}}
@INPROCEEDINGS{papers-876,
   AUTHOR = {Zhang, Dongyu and Lin, Hongfei and Yang, Liang and Zhang, Shaowu and XU, BO},
   SORTNAME = {Zhang, Dongyu and Lin, Hongfei and Yang, Liang and Zhang, Shaowu and XU, BO},
   TITLE = {Construction of a Chinese Corpus for the Analysis of the Emotionality of Metaphorical Expressions}}
@INPROCEEDINGS{papers-1129,
   AUTHOR = {Tay, Yi and Luu, Anh Tuan and Hui, Siu Cheung and Su, Jian},
   SORTNAME = {Tay, Yi and Luu, Anh Tuan and Hui, Siu Cheung and Su, Jian},
   TITLE = {Reasoning with Sarcasm by Reading In-Between}}
@INPROCEEDINGS{papers-871,
   AUTHOR = {Xue, Wei and Li, Tao},
   SORTNAME = {Xue, Wei and Li, Tao},
   TITLE = {Aspect Based Sentiment Analysis with Gated Convolutional Networks}}
@INPROCEEDINGS{papers-1323,
   AUTHOR = {Gao, Qiaozi and Yang, Shaohua and Chai, Joyce and Vanderwende, Lucy},
   SORTNAME = {Gao, Qiaozi and Yang, Shaohua and Chai, Joyce and Vanderwende, Lucy},
   TITLE = {What Action Causes This? Towards Naive Physical Action-Effect Prediction}}
@INPROCEEDINGS{papers-624,
   AUTHOR = {Liu, Jiangming and Cohen, Shay B. and Lapata, Mirella},
   SORTNAME = {Liu, Jiangming and Cohen, Shay B. and Lapata, Mirella},
   TITLE = {Discourse Representation Structure Parsing}}
@INPROCEEDINGS{papers-249,
   AUTHOR = {Saha, Amrita and Aralikatte, Rahul and Khapra, Mitesh M. and Sankaranarayanan, Karthik},
   SORTNAME = {Saha, Amrita and Aralikatte, Rahul and Khapra, Mitesh M. and Sankaranarayanan, Karthik},
   TITLE = {DuoRC: Towards Complex Language Understanding with Paraphrased Reading Comprehension}}
@INPROCEEDINGS{papers-1127,
   AUTHOR = {Kang, Dongyeop and Khot, Tushar and Sabharwal, Ashish and Hovy, Eduard},
   SORTNAME = {Kang, Dongyeop and Khot, Tushar and Sabharwal, Ashish and Hovy, Eduard},
   TITLE = {AdvEntuRe: Adversarial Training for Textual Entailment with Knowledge-Guided Examples}}
@INPROCEEDINGS{papers-1543,
   AUTHOR = {Qin, Lianhui and Liu, Lemao and Bi, Wei and Wang, Yan and Liu, Xiaojiang and Hu, Zhiting and Zhao, Hai and Shi, Shuming},
   SORTNAME = {Qin, Lianhui and Liu, Lemao and Bi, Wei and Wang, Yan and Liu, Xiaojiang and Hu, Zhiting and Zhao, Hai and Shi, Shuming},
   TITLE = {Automatic Article Commenting: the Task and Dataset}}
@INPROCEEDINGS{papers-1588,
   AUTHOR = {Dozat, Timothy and Manning, Christopher D.},
   SORTNAME = {Dozat, Timothy and Manning, Christopher D.},
   TITLE = {Simpler but More Accurate Semantic Dependency Parsing}}
@INPROCEEDINGS{papers-282,
   AUTHOR = {Dufter, Philipp and Zhao, Mengjie and Schmitt, Martin and Fraser, Alexander and Schütze, Hinrich},
   SORTNAME = {Dufter, Philipp and Zhao, Mengjie and Schmitt, Martin and Fraser, Alexander and Schutze, Hinrich},
   TITLE = {Embedding Learning Through Multilingual Concept Induction}}
@INPROCEEDINGS{papers-1120,
   AUTHOR = {Mohammad, Saif},
   SORTNAME = {Mohammad, Saif},
   TITLE = {Obtaining Reliable Human Ratings of Valence, Arousal, and Dominance for 20,000 English Words}}
@INPROCEEDINGS{papers-271,
   AUTHOR = {Luo, Fuli and Liu, Tianyu and Xia, Qiaolin and Chang, Baobao and Sui, Zhifang},
   SORTNAME = {Luo, Fuli and Liu, Tianyu and Xia, Qiaolin and Chang, Baobao and Sui, Zhifang},
   TITLE = {Incorporating Glosses into Neural Word Sense Disambiguation}}
@INPROCEEDINGS{papers-1180,
   AUTHOR = {Kornilova, Anastassia and Argyle, Daniel and Eidelman, Vladimir},
   SORTNAME = {Kornilova, Anastassia and Argyle, Daniel and Eidelman, Vladimir},
   TITLE = {Party Matters: Enhancing Legislative Embeddings with Author Attributes for Vote Prediction}}
@INPROCEEDINGS{papers-646,
   AUTHOR = {Chaturvedi, Akshay and Pandit, Onkar and Garain, Utpal},
   SORTNAME = {Chaturvedi, Akshay and Pandit, Onkar and Garain, Utpal},
   TITLE = {CNN for Text-Based Multiple Choice Question Answering}}
@INPROCEEDINGS{papers-1348,
   AUTHOR = {Cianflone, Andre and Feng, Yulan and Kabbara, Jad and Cheung, Jackie Chi Kit},
   SORTNAME = {Cianflone, Andre and Feng, Yulan and Kabbara, Jad and Cheung, Jackie Chi Kit},
   TITLE = {Let's do it ``again'': A First Computational Approach to Detecting Adverbial Presupposition Triggers}}
@INPROCEEDINGS{papers-825,
   AUTHOR = {Saunders, Danielle and Stahlberg, Felix and de Gispert, Adrià and Byrne, Bill},
   SORTNAME = {Saunders, Danielle and Stahlberg, Felix and de Gispert, Adria and Byrne, Bill},
   TITLE = {Multi-representation ensembles and delayed SGD updates improve syntax-based NMT}}
@INPROCEEDINGS{papers-1377,
   AUTHOR = {Srivastava, Shashank and Labutov, Igor and Mitchell, Tom},
   SORTNAME = {Srivastava, Shashank and Labutov, Igor and Mitchell, Tom},
   TITLE = {Zero-shot Learning of Classifiers from Natural Language Quantification}}
@INPROCEEDINGS{papers-489,
   AUTHOR = {Zhou, Qingyu and Yang, Nan and Wei, Furu and Huang, Shaohan and Zhou, Ming and Zhao, Tiejun},
   SORTNAME = {Zhou, Qingyu and Yang, Nan and Wei, Furu and Huang, Shaohan and Zhou, Ming and Zhao, Tiejun},
   TITLE = {Neural Document Summarization by Jointly Learning to Score and Select Sentences}}
@INPROCEEDINGS{papers-1519,
   AUTHOR = {Trivedi, Rakshit and Sisman, Bunyamin and Dong, Xin Luna and Faloutsos, Christos and Ma, Jun and Zha, Hongyuan},
   SORTNAME = {Trivedi, Rakshit and Sisman, Bunyamin and Dong, Xin Luna and Faloutsos, Christos and Ma, Jun and Zha, Hongyuan},
   TITLE = {LinkNBed: Multi-Graph Representation Learning with Entity Linkage}}
@INPROCEEDINGS{papers-1160,
   AUTHOR = {Xu, Frank F. and Lin, Bill Yuchen and Zhu, Kenny},
   SORTNAME = {Xu, Frank F. and Lin, Bill Yuchen and Zhu, Kenny},
   TITLE = {Automatic Extraction of Commonsense LocatedNear Knowledge}}
@INPROCEEDINGS{papers-1194,
   AUTHOR = {Suhr, Alane and Artzi, Yoav},
   SORTNAME = {Suhr, Alane and Artzi, Yoav},
   TITLE = {Situated Mapping of Sequential Instructions to Actions with Single-step Reward Observation}}
@INPROCEEDINGS{papers-231,
   AUTHOR = {Zhang, Yue and Yang, Jie},
   SORTNAME = {Zhang, Yue and Yang, Jie},
   TITLE = {Chinese NER Using Lattice LSTM}}
@INPROCEEDINGS{papers-1193,
   AUTHOR = {Jaech, Aaron and Ostendorf, Mari},
   SORTNAME = {Jaech, Aaron and Ostendorf, Mari},
   TITLE = {Personalized Language Model for Query Auto-Completion}}
@INPROCEEDINGS{papers-1158,
   AUTHOR = {Schneider, Nathan and Hwang, Jena D. and Srikumar, Vivek and Prange, Jakob and Blodgett, Austin and Moeller, Sarah R. and Stern, Aviram and Bitan, Adi and Abend, Omri},
   SORTNAME = {Schneider, Nathan and Hwang, Jena D. and Srikumar, Vivek and Prange, Jakob and Blodgett, Austin and Moeller, Sarah R. and Stern, Aviram and Bitan, Adi and Abend, Omri},
   TITLE = {Comprehensive Supersense Disambiguation of English Prepositions and Possessives}}
@INPROCEEDINGS{papers-1397,
   AUTHOR = {Gadetsky, Artyom and Yakubovskiy, Ilya and Vetrov, Dmitry},
   SORTNAME = {Gadetsky, Artyom and Yakubovskiy, Ilya and Vetrov, Dmitry},
   TITLE = {Conditional Generators of Words Definitions}}
@INPROCEEDINGS{papers-1151,
   AUTHOR = {Kim, Young-Bum and Kim, Dongchan and Kumar, Anjishnu and Sarikaya, Ruhi},
   SORTNAME = {Kim, Young-Bum and Kim, Dongchan and Kumar, Anjishnu and Sarikaya, Ruhi},
   TITLE = {Efficient Large-Scale Neural Domain Classification with Personalized Attention}}
@INPROCEEDINGS{papers-1364,
   AUTHOR = {Subramanian, Shivashankar and Baldwin, Timothy and Cohn, Trevor},
   SORTNAME = {Subramanian, Shivashankar and Baldwin, Timothy and Cohn, Trevor},
   TITLE = {Content-based Popularity Prediction of Online Petitions Using a Deep Regression Model}}
@INPROCEEDINGS{papers-1532,
   AUTHOR = {Ye, Yajie and Sun, Weiwei and Wan, Xiaojun},
   SORTNAME = {Ye, Yajie and Sun, Weiwei and Wan, Xiaojun},
   TITLE = {Language Generation via DAG Transduction}}
@INPROCEEDINGS{papers-451,
   AUTHOR = {Jadhav, Aishwarya and Rajan, Vaibhav},
   SORTNAME = {Jadhav, Aishwarya and Rajan, Vaibhav},
   TITLE = {Extractive Summarization with SWAP-NET: Sentences and Words from Alternating Pointer Networks}}
@INPROCEEDINGS{papers-253,
   AUTHOR = {Mathias, Sandeep and Kanojia, Diptesh and Patel, Kevin and Agrawal, Samarth and Mishra, Abhijit and Bhattacharyya, Pushpak},
   SORTNAME = {Mathias, Sandeep and Kanojia, Diptesh and Patel, Kevin and Agrawal, Samarth and Mishra, Abhijit and Bhattacharyya, Pushpak},
   TITLE = {Eyes are the Windows to the Soul: Predicting the Rating of Text Quality Using Gaze Behaviour}}
@INPROCEEDINGS{papers-298,
   AUTHOR = {Zhao, Tiancheng and Lee, Kyusong and Eskenazi, Maxine},
   SORTNAME = {Zhao, Tiancheng and Lee, Kyusong and Eskenazi, Maxine},
   TITLE = {Unsupervised Discrete Sentence Representation Learning for Interpretable Neural Dialog Generation}}
@INPROCEEDINGS{papers-1592,
   AUTHOR = {Vilnis, Luke and Li, Xiang and Murty, Shikhar and McCallum, Andrew},
   SORTNAME = {Vilnis, Luke and Li, Xiang and Murty, Shikhar and McCallum, Andrew},
   TITLE = {Probabilistic Embedding of Knowledge Graphs with Box Lattice Measures}}
@INPROCEEDINGS{papers-891,
   AUTHOR = {Conneau, Alexis and Kruszewski, Germán and Lample, Guillaume and Barrault, Loïc and Baroni, Marco},
   SORTNAME = {Conneau, Alexis and Kruszewski, German and Lample, Guillaume and Barrault, Loic and Baroni, Marco},
   TITLE = {What you can cram into a single \$\&!\#* vector: Probing sentence embeddings for linguistic properties}}
@INPROCEEDINGS{papers-1337,
   AUTHOR = {Patil, Sangameshwar and Pawar, Sachin and Hingmire, Swapnil and Palshikar, Girish and Varma, Vasudeva and Bhattacharyya, Pushpak},
   SORTNAME = {Patil, Sangameshwar and Pawar, Sachin and Hingmire, Swapnil and Palshikar, Girish and Varma, Vasudeva and Bhattacharyya, Pushpak},
   TITLE = {Identification of Alias Links among Participants in Narratives}}
@INPROCEEDINGS{papers-434,
   AUTHOR = {Dong, Li and Lapata, Mirella},
   SORTNAME = {Dong, Li and Lapata, Mirella},
   TITLE = {Coarse-to-Fine Decoding for Neural Semantic Parsing}}
@INPROCEEDINGS{papers-898,
   AUTHOR = {Ali, Ahmed and Renals, Steve},
   SORTNAME = {Ali, Ahmed and Renals, Steve},
   TITLE = {Word Error Rate Estimation for Speech Recognition: e-WER}}
@INPROCEEDINGS{papers-296,
   AUTHOR = {Xu, Chang and Paris, Cecile and Nepal, Surya and Sparks, Ross},
   SORTNAME = {Xu, Chang and Paris, Cecile and Nepal, Surya and Sparks, Ross},
   TITLE = {Cross-Target Stance Classification with Self-Attention Networks}}
@INPROCEEDINGS{papers-639,
   AUTHOR = {Sulem, Elior and Abend, Omri and Rappoport, Ari},
   SORTNAME = {Sulem, Elior and Abend, Omri and Rappoport, Ari},
   TITLE = {Simple and Effective Text Simplification Using Semantic and Neural Methods}}
@INPROCEEDINGS{papers-265,
   AUTHOR = {Potthast, Martin and Kiesel, Johannes and Reinartz, Kevin and Bevendorff, Janek and Stein, Benno},
   SORTNAME = {Potthast, Martin and Kiesel, Johannes and Reinartz, Kevin and Bevendorff, Janek and Stein, Benno},
   TITLE = {A Stylometric Inquiry into Hyperpartisan and Fake News}}
@INPROCEEDINGS{papers-601,
   AUTHOR = {Qin, Pengda and XU, Weiran and Wang, William Yang},
   SORTNAME = {Qin, Pengda and XU, Weiran and Wang, William Yang},
   TITLE = {Robust Distant Supervision Relation Extraction via Deep Reinforcement Learning}}
@INPROCEEDINGS{papers-1391,
   AUTHOR = {Chen, Yufei and Sun, Weiwei and Wan, Xiaojun},
   SORTNAME = {Chen, Yufei and Sun, Weiwei and Wan, Xiaojun},
   TITLE = {Accurate SHRG-Based Semantic Parsing}}
@INPROCEEDINGS{papers-1365,
   AUTHOR = {Shi, Bei and Fu, Zihao and Bing, Lidong and Lam, Wai},
   SORTNAME = {Shi, Bei and Fu, Zihao and Bing, Lidong and Lam, Wai},
   TITLE = {Learning Domain-Sensitive and Sentiment-Aware Word Embeddings}}
@INPROCEEDINGS{papers-450,
   AUTHOR = {Huang, Lifu and Ji, Heng and Cho, Kyunghyun and Dagan, Ido and Riedel, Sebastian and Voss, Clare},
   SORTNAME = {Huang, Lifu and Ji, Heng and Cho, Kyunghyun and Dagan, Ido and Riedel, Sebastian and Voss, Clare},
   TITLE = {Zero-Shot Transfer Learning for Event Extraction}}
@INPROCEEDINGS{papers-808,
   AUTHOR = {Michel, Paul and Neubig, Graham},
   SORTNAME = {Michel, Paul and Neubig, Graham},
   TITLE = {Extreme Adaptation for Personalized Neural Machine Translation}}
@INPROCEEDINGS{papers-696,
   AUTHOR = {Erdmann, Alexander and Zalmout, Nasser and Habash, Nizar},
   SORTNAME = {Erdmann, Alexander and Zalmout, Nasser and Habash, Nizar},
   TITLE = {Addressing Noise in Multidialectal Word Embeddings}}
@INPROCEEDINGS{papers-457,
   AUTHOR = {Bohnet, Bernd and McDonald, Ryan and Simões, Gonçalo and Andor, Daniel and Pitler, Emily and Maynez, Joshua},
   SORTNAME = {Bohnet, Bernd and McDonald, Ryan and Simoes, Goncalo and Andor, Daniel and Pitler, Emily and Maynez, Joshua},
   TITLE = {Morphosyntactic Tagging with a Meta-BiLSTM Model over Context Sensitive Token Encodings}}
@INPROCEEDINGS{papers-1502,
   AUTHOR = {Malaviya, Chaitanya and Gormley, Matthew R. and Neubig, Graham},
   SORTNAME = {Malaviya, Chaitanya and Gormley, Matthew R. and Neubig, Graham},
   TITLE = {Neural Factor Graph Models for Cross-lingual Morphological Tagging}}
@INPROCEEDINGS{papers-806,
   AUTHOR = {Pezzelle, Sandro and Steinert-Threlkeld, Shane and Bernardi, Raffaella and Szymanik, Jakub},
   SORTNAME = {Pezzelle, Sandro and Steinert-Threlkeld, Shane and Bernardi, Raffaella and Szymanik, Jakub},
   TITLE = {Some of Them Can be Guessed! Exploring the Effect of Linguistic Context in Predicting Quantifiers}}
@INPROCEEDINGS{papers-1159,
   AUTHOR = {Mudrakarta, Pramod Kaushik and Taly, Ankur and Sundararajan, Mukund and Dhamdhere, Kedar},
   SORTNAME = {Mudrakarta, Pramod Kaushik and Taly, Ankur and Sundararajan, Mukund and Dhamdhere, Kedar},
   TITLE = {Did the Model Understand the Question?}}
@INPROCEEDINGS{papers-264,
   AUTHOR = {Wu, Wei and SUN, Xu and WANG, Houfeng},
   SORTNAME = {Wu, Wei and SUN, Xu and WANG, Houfeng},
   TITLE = {Question Condensing Networks for Answer Selection in Community Question Answering}}
@INPROCEEDINGS{papers-600,
   AUTHOR = {Hershcovich, Daniel and Abend, Omri and Rappoport, Ari},
   SORTNAME = {Hershcovich, Daniel and Abend, Omri and Rappoport, Ari},
   TITLE = {Multitask Parsing Across Semantic Representations}}
@INPROCEEDINGS{papers-1551,
   AUTHOR = {Wang, Shuohang and Yu, Mo and Jiang, Jing and Chang, Shiyu},
   SORTNAME = {Wang, Shuohang and Yu, Mo and Jiang, Jing and Chang, Shiyu},
   TITLE = {A Co-Matching Model for Multi-choice Reading Comprehension}}
@INPROCEEDINGS{papers-297,
   AUTHOR = {Zhang, Ruqing and Guo, Jiafeng and Fan, Yixing and Lan, Yanyan and Xu, Jun and Cheng, Xueqi},
   SORTNAME = {Zhang, Ruqing and Guo, Jiafeng and Fan, Yixing and Lan, Yanyan and Xu, Jun and Cheng, Xueqi},
   TITLE = {Learning to Control the Specificity in Neural Response Generation}}
@INPROCEEDINGS{papers-1300,
   AUTHOR = {Sakaguchi, Keisuke and Van Durme, Benjamin},
   SORTNAME = {Sakaguchi, Keisuke and Van Durme, Benjamin},
   TITLE = {Efficient Online Scalar Annotation with Bounded Support}}
@INPROCEEDINGS{papers-638,
   AUTHOR = {Lin, Bill Yuchen and Xu, Frank F. and Zhu, Kenny and Hwang, Seung-won},
   SORTNAME = {Lin, Bill Yuchen and Xu, Frank F. and Zhu, Kenny and Hwang, Seung-won},
   TITLE = {Mining Cross-Cultural Differences and Similarities in Social Media}}
@INPROCEEDINGS{papers-1560,
   AUTHOR = {Torr, John},
   SORTNAME = {Torr, John},
   TITLE = {Constraining MGbank: Agreement, L-Selection and Supertagging in Minimalist Grammars}}
@INPROCEEDINGS{papers-1103,
   AUTHOR = {Park, Sungjoon and Byun, Jeongmin and Baek, Sion and Cho, Yongseok and Oh, Alice},
   SORTNAME = {Park, Sungjoon and Byun, Jeongmin and Baek, Sion and Cho, Yongseok and Oh, Alice},
   TITLE = {Subword-level Word Vector Representations for Korean}}
@INPROCEEDINGS{papers-299,
   AUTHOR = {Lu, Zhengdong and Liu, Xianggen and Cui, Haotian and Yan, Yukun and Zheng, Daqi},
   SORTNAME = {Lu, Zhengdong and Liu, Xianggen and Cui, Haotian and Yan, Yukun and Zheng, Daqi},
   TITLE = {Object-oriented Neural Programming (OONP) for Document Understanding}}
@INPROCEEDINGS{papers-897,
   AUTHOR = {Lin, Ying and Yang, Shengqi and Stoyanov, Veselin and Ji, Heng},
   SORTNAME = {Lin, Ying and Yang, Shengqi and Stoyanov, Veselin and Ji, Heng},
   TITLE = {A Multi-lingual Multi-task Architecture for Low-resource Sequence Labeling}}
@INPROCEEDINGS{papers-1627,
   AUTHOR = {Kurita, Shuhei and Kawahara, Daisuke and Kurohashi, Sadao},
   SORTNAME = {Kurita, Shuhei and Kawahara, Daisuke and Kurohashi, Sadao},
   TITLE = {Neural Adversarial Training for Semi-supervised Japanese Predicate-argument Structure Analysis}}
@INPROCEEDINGS{papers-1243,
   AUTHOR = {Choubey, Prafulla Kumar and Huang, Ruihong},
   SORTNAME = {Choubey, Prafulla Kumar and Huang, Ruihong},
   TITLE = {Improving Event Coreference Resolution by Modeling Correlations between Event Coreference Chains and Document Topic Structures}}
@INPROCEEDINGS{papers-1085,
   AUTHOR = {Jhamtani, Harsh and Gangal, Varun and Hovy, Eduard and Neubig, Graham and Berg-Kirkpatrick, Taylor},
   SORTNAME = {Jhamtani, Harsh and Gangal, Varun and Hovy, Eduard and Neubig, Graham and Berg-Kirkpatrick, Taylor},
   TITLE = {Learning to Generate Move-by-Move Commentary for Chess Games from Large-Scale Social Forum Data}}
@INPROCEEDINGS{papers-079,
   AUTHOR = {Ren, Shuo and Chen, Wenhu and Liu, Shujie and Li, Mu and Zhou, Ming and Ma, Shuai},
   SORTNAME = {Ren, Shuo and Chen, Wenhu and Liu, Shujie and Li, Mu and Zhou, Ming and Ma, Shuai},
   TITLE = {Triangular Architecture for Rare Language Translation}}
@INPROCEEDINGS{papers-1076,
   AUTHOR = {Dong, Rui and Smith, David},
   SORTNAME = {Dong, Rui and Smith, David},
   TITLE = {Multi-Input Attention for Unsupervised OCR Correction}}
@INPROCEEDINGS{papers-1244,
   AUTHOR = {Tkachenko, Maksim and Chia, Chong Cher and Lauw, Hady},
   SORTNAME = {Tkachenko, Maksim and Chia, Chong Cher and Lauw, Hady},
   TITLE = {Searching for the X-Factor: Exploring Corpus Subjectivity for Word Embeddings}}
@INPROCEEDINGS{papers-1620,
   AUTHOR = {Liu, Zhun and Shen, Ying and Lakshminarasimhan, Varun Bharadhwaj and Liang, Paul Pu and Bagher Zadeh, AmirAli and Morency, Louis-Philippe},
   SORTNAME = {Liu, Zhun and Shen, Ying and Lakshminarasimhan, Varun Bharadhwaj and Liang, Paul Pu and Bagher Zadeh, AmirAli and Morency, Louis-Philippe},
   TITLE = {Efficient Low-rank Multimodal Fusion With Modality-Specific Factors}}
@INPROCEEDINGS{papers-1049,
   AUTHOR = {Hewitt, John and Ippolito, Daphne and Callahan, Brendan and Kriz, Reno and Wijaya, Derry Tanti and Callison-Burch, Chris},
   SORTNAME = {Hewitt, John and Ippolito, Daphne and Callahan, Brendan and Kriz, Reno and Wijaya, Derry Tanti and Callison-Burch, Chris},
   TITLE = {Learning Translations via Images with a Massively Multilingual Image Dataset}}
@INPROCEEDINGS{papers-083,
   AUTHOR = {Chen, Bo and Sun, Le and Han, Xianpei},
   SORTNAME = {Chen, Bo and Sun, Le and Han, Xianpei},
   TITLE = {Sequence-to-Action: End-to-End Semantic Graph Generation for Semantic Parsing}}
@INPROCEEDINGS{papers-1616,
   AUTHOR = {Liu, Fei and Cohn, Trevor and Baldwin, Timothy},
   SORTNAME = {Liu, Fei and Cohn, Trevor and Baldwin, Timothy},
   TITLE = {Narrative Modeling with Memory Chains and Semantic Supervision}}
@INPROCEEDINGS{papers-1424,
   AUTHOR = {Nye, Benjamin and Li, Junyi Jessy and Patel, Roma and Yang, Yinfei and Marshall, Iain and Nenkova, Ani and Wallace, Byron},
   SORTNAME = {Nye, Benjamin and Li, Junyi Jessy and Patel, Roma and Yang, Yinfei and Marshall, Iain and Nenkova, Ani and Wallace, Byron},
   TITLE = {A Corpus with Multi-Level Annotations of Patients, Interventions and Outcomes to Support Language Processing for Medical Literature}}
@INPROCEEDINGS{papers-1272,
   AUTHOR = {Blodgett, Su Lin and Wei, Johnny and O'Connor, Brendan},
   SORTNAME = {Blodgett, Su Lin and Wei, Johnny and O'Connor, Brendan},
   TITLE = {Twitter Universal Dependency Parsing for African-American and Mainstream American English}}
@INPROCEEDINGS{papers-070,
   AUTHOR = {Wang, Wenya and Pan, Sinno Jialin},
   SORTNAME = {Wang, Wenya and Pan, Sinno Jialin},
   TITLE = {Recursive Neural Structural Correspondence Network for Cross-domain Aspect and Opinion Co-Extraction}}
@INPROCEEDINGS{papers-1611,
   AUTHOR = {Li, Hao and Lu, Wei},
   SORTNAME = {Li, Hao and Lu, Wei},
   TITLE = {Learning with Structured Representations for Negation Scope Extraction}}
@INPROCEEDINGS{papers-084,
   AUTHOR = {Li, Chenliang and Zhou, Wei and Ji, Feng and Duan, Yu and Chen, Haiqing},
   SORTNAME = {Li, Chenliang and Zhou, Wei and Ji, Feng and Duan, Yu and Chen, Haiqing},
   TITLE = {A Deep Relevance Model for Zero-Shot Document Filtering}}
@INPROCEEDINGS{papers-1281,
   AUTHOR = {Xu, Jingjing and SUN, Xu and Zeng, Qi and Zhang, Xiaodong and Ren, Xuancheng and Wang, Houfeng and Li, Wenjie},
   SORTNAME = {Xu, Jingjing and SUN, Xu and Zeng, Qi and Zhang, Xiaodong and Ren, Xuancheng and Wang, Houfeng and Li, Wenjie},
   TITLE = {Unpaired Sentiment-to-Sentiment Translation: A Cycled Reinforcement Learning Approach}}
@INPROCEEDINGS{papers-772,
   AUTHOR = {Wachsmuth, Henning and Syed, Shahbaz and Stein, Benno},
   SORTNAME = {Wachsmuth, Henning and Syed, Shahbaz and Stein, Benno},
   TITLE = {Retrieval of the Best Counterargument without Prior Topic Knowledge}}
@INPROCEEDINGS{papers-1221,
   AUTHOR = {Aharoni, Roee and Goldberg, Yoav},
   SORTNAME = {Aharoni, Roee and Goldberg, Yoav},
   TITLE = {Split and Rephrase: Better Evaluation and Stronger Baselines}}
@INPROCEEDINGS{papers-987,
   AUTHOR = {Kreutzer, Julia and Uyheng, Joshua and Riezler, Stefan},
   SORTNAME = {Kreutzer, Julia and Uyheng, Joshua and Riezler, Stefan},
   TITLE = {Reliability and Learnability of Human Bandit Feedback for Sequence-to-Sequence Reinforcement Learning}}
@INPROCEEDINGS{papers-1483,
   AUTHOR = {Zhu, Xunjie and Li, Tingfeng and de Melo, Gerard},
   SORTNAME = {Zhu, Xunjie and Li, Tingfeng and de Melo, Gerard},
   TITLE = {Exploring Semantic Properties of Sentence Embeddings}}
@INPROCEEDINGS{papers-177,
   AUTHOR = {Ye, Zhixiu and Ling, Zhen-Hua},
   SORTNAME = {Ye, Zhixiu and Ling, Zhen-Hua},
   TITLE = {Hybrid semi-Markov CRF for Neural Sequence Labeling}}
@INPROCEEDINGS{papers-721,
   AUTHOR = {Søgaard, Anders and Ruder, Sebastian and Vulić, Ivan},
   SORTNAME = {Søgaard, Anders and Ruder, Sebastian and Vulic, Ivan},
   TITLE = {On the Limitations of Unsupervised Bilingual Dictionary Induction}}
@INPROCEEDINGS{papers-1470,
   AUTHOR = {Uva, Antonio and Bonadiman, Daniele and Moschitti, Alessandro},
   SORTNAME = {Uva, Antonio and Bonadiman, Daniele and Moschitti, Alessandro},
   TITLE = {Injecting Relational Structural Representation in Neural Networks for Question Similarity}}
@INPROCEEDINGS{papers-141,
   AUTHOR = {Kobayashi, Tatsuru and Tanaka-Ishii, Kumiko},
   SORTNAME = {Kobayashi, Tatsuru and Tanaka-Ishii, Kumiko},
   TITLE = {Taylor's law for Human Linguistic Sequences}}
@INPROCEEDINGS{papers-1210,
   AUTHOR = {Rei, Marek and Gerz, Daniela and Vulić, Ivan},
   SORTNAME = {Rei, Marek and Gerz, Daniela and Vulic, Ivan},
   TITLE = {Scoring Lexical Entailment with a Supervised Directional Similarity Network}}
@INPROCEEDINGS{papers-1022,
   AUTHOR = {Shen, Dinghan and Su, Qinliang and Chapfuwa, Paidamoyo and Wang, Wenlin and Wang, Guoyin and Henao, Ricardo and Carin, Lawrence},
   SORTNAME = {Shen, Dinghan and Su, Qinliang and Chapfuwa, Paidamoyo and Wang, Wenlin and Wang, Guoyin and Henao, Ricardo and Carin, Lawrence},
   TITLE = {NASH: Toward End-to-End Neural Architecture for Generative Semantic Hashing}}
@INPROCEEDINGS{papers-374,
   AUTHOR = {Wang, Baoxin},
   SORTNAME = {Wang, Baoxin},
   TITLE = {Disconnected Recurrent Neural Networks for Text Categorization}}
@INPROCEEDINGS{papers-1673,
   AUTHOR = {He, Shexia and Li, Zuchao and Zhao, Hai and Bai, Hongxiao},
   SORTNAME = {He, Shexia and Li, Zuchao and Zhao, Hai and Bai, Hongxiao},
   TITLE = {Syntax for Semantic Role Labeling, To Be, Or Not To Be}}
@INPROCEEDINGS{papers-012,
   AUTHOR = {Ding, Chenchen and Utiyama, Masao and Sumita, Eiichiro},
   SORTNAME = {Ding, Chenchen and Utiyama, Masao and Sumita, Eiichiro},
   TITLE = {Simplified Abugidas}}
@INPROCEEDINGS{papers-1687,
   AUTHOR = {Yu, Zhiwei and Tan, Jiwei and Wan, Xiaojun},
   SORTNAME = {Yu, Zhiwei and Tan, Jiwei and Wan, Xiaojun},
   TITLE = {A Neural Approach to Pun Generation}}
@INPROCEEDINGS{papers-076,
   AUTHOR = {Yang, Zhen and Chen, Wei and Wang, Feng and Xu, Bo},
   SORTNAME = {Yang, Zhen and Chen, Wei and Wang, Feng and Xu, Bo},
   TITLE = {Unsupervised Neural Machine Translation with Weight Sharing}}
@INPROCEEDINGS{papers-1287,
   AUTHOR = {Wieting, John and Gimpel, Kevin},
   SORTNAME = {Wieting, John and Gimpel, Kevin},
   TITLE = {ParaNMT-50M: Pushing the Limits of Paraphrastic Sentence Embeddings with Millions of Machine Translations}}
@INPROCEEDINGS{papers-049,
   AUTHOR = {Jiang, Xinzhou and Li, Zhenghua and Zhang, Bo and Zhang, Min and Li, Sheng and Si, Luo},
   SORTNAME = {Jiang, Xinzhou and Li, Zhenghua and Zhang, Bo and Zhang, Min and Li, Sheng and Si, Luo},
   TITLE = {Supervised Treebank Conversion: Data and Approaches}}
@INPROCEEDINGS{papers-1245,
   AUTHOR = {Chen, Hongge and Zhang, Huan and Chen, Pin-Yu and Yi, Jinfeng and Hsieh, Cho-Jui},
   SORTNAME = {Chen, Hongge and Zhang, Huan and Chen, Pin-Yu and Yi, Jinfeng and Hsieh, Cho-Jui},
   TITLE = {Attacking Visual Language Grounding with Adversarial Examples: A Case Study on Neural Image Captioning}}
@INPROCEEDINGS{papers-1413,
   AUTHOR = {Moon, Seungwhan and Neves, Leonardo and Carvalho, Vitor},
   SORTNAME = {Moon, Seungwhan and Neves, Leonardo and Carvalho, Vitor},
   TITLE = {Multimodal Named Entity Disambiguation for Noisy Social Media Posts}}
@INPROCEEDINGS{papers-1621,
   AUTHOR = {Gritta, Milan and Pilehvar, Mohammad Taher and Collier, Nigel},
   SORTNAME = {Gritta, Milan and Pilehvar, Mohammad Taher and Collier, Nigel},
   TITLE = {Which Melbourne? Augmenting Geocoding with Maps}}
@INPROCEEDINGS{papers-1083,
   AUTHOR = {Murthy, Rudra and Kunchukuttan, Anoop and Bhattacharyya, Pushpak},
   SORTNAME = {Murthy, Rudra and Kunchukuttan, Anoop and Bhattacharyya, Pushpak},
   TITLE = {Judicious Selection of Training Data in Assisting Language for Multilingual Neural NER}}
@INPROCEEDINGS{papers-742,
   AUTHOR = {Ke, Pei and Guan, Jian and Huang, Minlie and Zhu, Xiaoyan},
   SORTNAME = {Ke, Pei and Guan, Jian and Huang, Minlie and Zhu, Xiaoyan},
   TITLE = {Generating Informative Responses with Controlled Sentence Function}}
@INPROCEEDINGS{papers-548,
   AUTHOR = {Qiu, Minghui and Yang, Liu and Ji, Feng and Zhou, Wei and Huang, Jun and Chen, Haiqing and Croft, Bruce and Lin, Wei},
   SORTNAME = {Qiu, Minghui and Yang, Liu and Ji, Feng and Zhou, Wei and Huang, Jun and Chen, Haiqing and Croft, Bruce and Lin, Wei},
   TITLE = {Transfer Learning for Context-Aware Question Matching in Information-seeking Conversations in E-commerce}}
@INPROCEEDINGS{papers-1626,
   AUTHOR = {Carlile, Winston and Gurrapadi, Nishant and Ke, Zixuan and Ng, Vincent},
   SORTNAME = {Carlile, Winston and Gurrapadi, Nishant and Ke, Zixuan and Ng, Vincent},
   TITLE = {Give Me More Feedback: Annotating Argument Persuasiveness and Related Attributes in Student Essays}}
@INPROCEEDINGS{papers-1414,
   AUTHOR = {Zaremoodi, Poorya and Buntine, Wray and Haffari, Gholamreza},
   SORTNAME = {Zaremoodi, Poorya and Buntine, Wray and Haffari, Gholamreza},
   TITLE = {Adaptive Knowledge Sharing in Multi-Task Learning: Improving Low-Resource Neural Machine Translation}}
@INPROCEEDINGS{papers-1070,
   AUTHOR = {Finegan-Dollak, Catherine and Kummerfeld, Jonathan K. and Zhang, Li and Ramanathan, Karthik and Sadasivam, Sesh and Zhang, Rui and Radev, Dragomir},
   SORTNAME = {Finegan-Dollak, Catherine and Kummerfeld, Jonathan K. and Zhang, Li and Ramanathan, Karthik and Sadasivam, Sesh and Zhang, Rui and Radev, Dragomir},
   TITLE = {Improving Text-to-SQL Evaluation Methodology}}
@INPROCEEDINGS{papers-1242,
   AUTHOR = {Shu, Raphael and Nakayama, Hideki},
   SORTNAME = {Shu, Raphael and Nakayama, Hideki},
   TITLE = {Improving Beam Search by Removing Monotonic Constraint for Neural Machine Translation}}
@INPROCEEDINGS{papers-047,
   AUTHOR = {Bernardy, Jean-Philippe and Lappin, Shalom and Lau, Jey Han},
   SORTNAME = {Bernardy, Jean-Philippe and Lappin, Shalom and Lau, Jey Han},
   TITLE = {The Influence of Context on Sentence Acceptability Judgements}}
@INPROCEEDINGS{papers-577,
   AUTHOR = {Peng, Minlong and Zhang, Qi and Jiang, Yu-gang and Huang, Xuanjing},
   SORTNAME = {Peng, Minlong and Zhang, Qi and Jiang, Yu-gang and Huang, Xuanjing},
   TITLE = {Cross-Domain Sentiment Classification with Target Domain Specific Information}}
@INPROCEEDINGS{papers-375,
   AUTHOR = {Ferret, Olivier},
   SORTNAME = {Ferret, Olivier},
   TITLE = {Using pseudo-senses for improving the extraction of synonyms from word embeddings}}
@INPROCEEDINGS{papers-523,
   AUTHOR = {Cai, Yitao and Li, Yin and Wan, Xiaojun},
   SORTNAME = {Cai, Yitao and Li, Yin and Wan, Xiaojun},
   TITLE = {Sense-Aware Neural Models for Pun Location in Texts}}
@INPROCEEDINGS{papers-1024,
   AUTHOR = {Lyu, Chunchuan and Titov, Ivan},
   SORTNAME = {Lyu, Chunchuan and Titov, Ivan},
   TITLE = {AMR Parsing as Graph Prediction with Latent Alignment}}
@INPROCEEDINGS{papers-1478,
   AUTHOR = {Vanni, Laurent and Ducoffe, Mélanie and Aguilar, Carlos and Precioso, Frederic and Mayaffre, Damon},
   SORTNAME = {Vanni, Laurent and Ducoffe, Melanie and Aguilar, Carlos and Precioso, Frederic and Mayaffre, Damon},
   TITLE = {Textual Deconvolution Saliency (TDS) : a deep tool box for linguistic analysis}}
@INPROCEEDINGS{papers-372,
   AUTHOR = {Dong, Li and Quirk, Chris and Lapata, Mirella},
   SORTNAME = {Dong, Li and Quirk, Chris and Lapata, Mirella},
   TITLE = {Confidence Modeling for Neural Semantic Parsing}}
@INPROCEEDINGS{papers-1211,
   AUTHOR = {Mao, Rui and Lin, Chenghua and Guerin, Frank},
   SORTNAME = {Mao, Rui and Lin, Chenghua and Guerin, Frank},
   TITLE = {Word Embedding and WordNet Based Metaphor Identification and Interpretation}}
@INPROCEEDINGS{papers-512,
   AUTHOR = {Phi, Van-Thuy and Santoso, Joan and Shimbo, Masashi and Matsumoto, Yuji},
   SORTNAME = {Phi, Van-Thuy and Santoso, Joan and Shimbo, Masashi and Matsumoto, Yuji},
   TITLE = {Ranking-Based Automatic Seed Selection and Noise Reduction for Weakly Supervised Relation Extraction}}
@INPROCEEDINGS{papers-981,
   AUTHOR = {Riley, Parker and Gildea, Daniel},
   SORTNAME = {Riley, Parker and Gildea, Daniel},
   TITLE = {Orthographic Features for Bilingual Lexicon Induction}}
@INPROCEEDINGS{papers-1227,
   AUTHOR = {Goyal, Ankit and Wang, Jian and Deng, Jia},
   SORTNAME = {Goyal, Ankit and Wang, Jian and Deng, Jia},
   TITLE = {Think Visually: Question Answering through Virtual Imagery}}
@INPROCEEDINGS{papers-022,
   AUTHOR = {Zeng, Xiangrong and Zeng, Daojian and He, Shizhu and Liu, Kang and Zhao, Jun},
   SORTNAME = {Zeng, Xiangrong and Zeng, Daojian and He, Shizhu and Liu, Kang and Zhao, Jun},
   TITLE = {Extracting Relational Facts by an End-to-End Neural Model with Copy Mechanism}}
@INPROCEEDINGS{papers-975,
   AUTHOR = {Kundu, Gourab and Sil, Avi and Florian, Radu and Hamza, Wael},
   SORTNAME = {Kundu, Gourab and Sil, Avi and Florian, Radu and Hamza, Wael},
   TITLE = {Neural Cross-Lingual Coreference Resolution And Its Application To Entity Linking}}
@INPROCEEDINGS{papers-972,
   AUTHOR = {Yang, Yiben and Birnbaum, Larry and Wang, Ji-Ping and Downey, Doug},
   SORTNAME = {Yang, Yiben and Birnbaum, Larry and Wang, Ji-Ping and Downey, Doug},
   TITLE = {Extracting Commonsense Properties from Embeddings with Limited Human Guidance}}
